2962 5032
427 346 721 395 amrunarronau
745 347 817 394 uun
841 333 1050 395 inamoena.
1247 332 1310 395 709

170 488 341 554 admiratio
371 488 477 554 effecit
505 494 542 554 ut
572 490 610 553 de
645 490 808 554 communi
841 489 969 554 Ordinis
1007 490 1185 573 sententia,
1220 492 1311 555 ouius

171 598 206 659 ut
229 617 365 661 munera
393 596 440 660 ita
470 595 580 661 studia
609 596 757 680 proximo
781 619 854 661 cum
880 596 963 661 Tvrs
989 596 1156 661 affinitatis
1181 596 1310 662 vinculo

169 702 391 786 continentur,
427 702 479 767 his
510 702 588 767 Trur
619 703 752 786 litteris,
788 703 839 767 vir
875 703 1005 785 eximie,
1042 707 1074 767 ct
1106 703 1310 768 sollemnium

170 807 523 893 quinquagenariorum
546 807 736 873 felicitatem
760 830 798 873 ex
818 809 928 873 animo
948 809 1256 894 congratularemur,
1279 814 1312 874 et

169 935 229 996 pro
252 937 328 980 cara
351 914 445 979 nobis
469 915 574 980 salute
589 914 664 980 Tvn
687 920 763 980 vota
782 916 987 1001 pientissima
1006 915 1255 1000 conciperem,
1278 922 1312 980 et

169 1042 350 1106 propensae
376 1021 537 1086 voluntati
560 1020 658 1086 Tvan
687 1043 746 1086 nos
774 1043 891 1105 resque
917 1025 1046 1086 nostras
1070 1045 1143 1087 cum
1167 1045 1310 1088 reveren·

170 1127 233 1192 tiae
264 1127 494 1193 testificatione
526 1128 700 1194 duraturae
737 1128 1044 1194 commendaremus.
1100 1130 1192 1206 Quod
1221 1130 1309 1195 Deus

172 1231 321 1319 Optimus
344 1233 506 1299 Maximus
534 1234 615 1299 benc
639 1238 745 1299 vertat
772 1237 806 1299 et
828 1235 904 1299 felix
927 1234 1072 1300 faustum
1094 1236 1310 1302 fortunatum·

173 1359 229 1423 qua
253 1361 325 1406 esse
348 1341 464 1406 iubeat.
510 1339 601 1405 Vale.

258 1447 380 1512 Datum
404 1447 537 1512 Bonnae
561 1446 671 1512 Idibus
695 1446 798 1511 Iuniis
822 1447 898 1511 anni
923 1463 1176 1515 emrocccnvrn.
1201 1469 1204 1476 ·

717 1875 766 1937 11.

163 2012 659 2080 Gratulationsschreiben
686 2015 751 2078 rles
781 2013 943 2079 Senates
972 2014 1037 2079 der
1064 2014 1311 2082 Universiti'rt

200 2122 316 2187 Bonn
341 2144 383 2186 au
412 2121 494 2186 dem
517 2120 853 2206 funfzigjahrigen
877 2111 1275 2205 Professorjubiliium

328 2227 363 2293 F.
386 2226 424 2292 G.
448 2226 644 2293 Wclolrer’s
668 2250 726 2292 am
754 2229 802 2292 16.
827 2227 994 2292 October
1021 2226 1150 2312 1859.*)

256 2388 377 2454 Rector
404 2395 437 2455 et
460 2387 600 2454 Senatus
617 2389 628 2472 ΙΙ
646 2388 878 2453 Vniversitatis
901 2386 1095 2452 Fridericiae
1120 2344 1310 2454 Guilelmiai

149 2489 345 2563 Rhenanus
361 2495 373 2579 ll
391 2494 467 2560 S·P
478 2495 525 2560 ·D
543 2496 553 2580 ΙΙ
571 2495 735 2561 Friderico
756 2493 936 2578 Theophilo
952 2492 1124 2559 Wclckero
1142 2494 1152 2578 ΙΙ
1171 2497 1239 2562 viro
1263 2497 1311 2561 in·

151 2598 369 2671 lustrissimo
391 2603 473 2667 bene
496 2601 736 2667 merentissimo
754 2602 765 2685 ΙΙ
783 2601 936 2686 conlegae
960 2601 1180 2667 dilectissimo.

257 2728 322 2806 Qui
351 2749 425 2792 rara
454 2726 540 2790 inter
569 2726 724 2790 mortales
752 2725 908 2790 felicitate
937 2726 1216 2811 auspicatissimos
1244 2727 1310 2792 iam

155 2831 247 2901 'l'ml
278 2833 346 2898 dies
375 2832 508 2897 obortus
533 2837 596 2917 ast,
628 2833 769 2916 suscepti
793 2835 867 2896 ante
890 2831 970 2897 haec
993 2833 1103 2898 decem
1126 2833 1231 2897 lustra
1254 2857 1310 2917 pu·

157 2938 249 3007 blioi
273 2938 415 3004 muneris
438 2940 532 3004 lestis
556 2939 769 3023 laetissimus,
793 2961 866 3005 cum
890 2939 930 3004 ad
954 2941 1094 3024 patriam
1118 2941 1312 3026 universam,

155 3047 271 3113 immo
299 3045 340 3111 ad
367 3045 479 3110 orbem
509 3050 669 3109 terrarum
697 3045 839 3128 pertinet
867 3045 977 3129 aliqua
1004 3045 1207 3110 humanitate
1230 3047 1310 3113 tinc-

154 3157 253 3237 tum,
284 3157 353 3217 tum
381 3151 478 3236 longe
505 3152 604 3217 etiam
632 3151 795 3237 propioris
824 3152 1058 3217 communionis
1083 3153 1210 3218 vinculo
1239 3175 1311 3218 oum

156 3260 292 3328 nostris
323 3263 356 3324 et
385 3257 563 3322 rationibus
595 3263 627 3323 et
657 3258 806 3323 sensibus
835 3259 1028 3325 continetur.
1073 3258 1205 3324 Litteris
1234 3259 1311 3344 quid

162 3365 333 3456 profueris
356 3369 389 3430 et
411 3364 587 3447 doctrinae,
609 3366 690 3430 satis
714 3366 769 3430 alii
793 3366 1028 3449 praedicabunt
1050 3386 1149 3448 penes
1174 3388 1255 3449 quos
1278 3367 1310 3431 in

158 3473 230 3541 lroc
254 3493 372 3559 genere
395 3472 550 3537 iudicium
574 3477 636 3537 est:
686 3472 920 3557 praedicabunt
933 3470 1101 3536 Musarum
1121 3492 1311 3557 graecarum

162 3583 380 3665 interpretem
403 3583 437 3644 et
460 3583 625 3663 tamquam
649 3584 756 3644 vatem
775 3578 884 3643 divino
904 3579 1021 3661 spiritu
1040 3578 1198 3662 afflatum,
1221 3579 1310 3644 cuius

165 3709 236 3753 non
269 3684 443 3750 eruditioni
476 3690 603 3750 tantum
637 3685 795 3769 singulari
829 3685 993 3769 miraeque
1026 3684 1213 3768 sagacitati,
1256 3684 1312 3748 scd

168 3793 353 3859 sublimiori
386 3793 505 3857 fervori
538 3792 787 3876 ingeniosaeque
820 3791 1023 3875 simplicitati
1057 3812 1130 3854 cum
1163 3796 1311 3855 aeternos

170 3905 378 3967 aeternorum
401 3903 569 3982 poetarum
594 3897 648 3961 diu
672 3898 817 3963 occlusos
841 3897 949 3963 fontes
968 3896 1110 3962 reclusos
1130 3896 1312 3980 debeamus,

168 4013 241 4073 tum
270 4010 384 4090 operta
412 4006 492 4070 artis
521 4005 590 4070 sine
617 4004 765 4089 exemplo
789 4004 973 4088 praeclarae
996 4004 1176 4087 penetralia
1200 4008 1313 4087 aperta

155 4134 319 4198 moraque
346 4113 379 4178 in
407 4115 477 4179 luce
506 4113 689 4196 conlocata,
716 4116 786 4177 tum
816 4111 926 4177 abdita
949 4116 982 4176 et
1004 4111 1157 4195 perplexa
1179 4110 1312 4175 deorum

278 4363 305 4429 *)
328 4359 448 4431 [Bereits
471 4359 647 4429 abgedruolrt
670 4357 700 4413 in
723 4358 776 4413 den
799 4357 895 4414 Jahrb.
919 4357 939 4413 f.
963 4357 1043 4413 class.
1063 4356 1221 4429 Philologie
1242 4363 1310 4413 1860

170 4468 198 4520 p.
219 4455 252 4505 10
265 4449 286 4505 f.
322 4447 351 4503 C.
369 4448 425 4517 W.]
