2962 5032
487 116 753 164 nunnonrronrs
778 117 984 163 rnnvmnnn.
1247 101 1307 163 491

164 258 246 341 prod
272 258 375 341 turbon,
404 282 439 323 se
468 262 600 324 tuentur
628 259 707 323 item
737 259 778 322 ab
806 259 900 323 initio
929 280 1039 323 versus
1068 259 1177 343 posita
1204 261 1240 323 u't
1267 261 1313 323 ito

166 390 193 432 v.
216 368 284 432 343
309 371 343 431 et
369 368 405 430 dt
429 388 505 449 apro
527 389 556 430 v.
580 366 661 430 616:
689 389 748 450 pro
777 365 893 449 quibus
922 388 1118 450 quamquam
1141 366 1237 430 facilc
1261 389 1313 431 ex·

167 477 307 558 spectes,
335 474 421 557 quod
450 473 585 537 euadere
613 472 838 557 oppositorum
867 473 950 536 ratio
975 472 1114 554 videtur,
1144 475 1188 535 itu
1211 474 1258 535 uti
1281 477 1314 536 ct

166 582 240 663 (ipro
266 581 315 644 ori
342 556 410 664 (lu
436 582 484 644 uti
512 584 539 643 tc
565 580 700 644 olioru'm
726 580 911 662 rrrr'ocrcscut,
938 579 980 642 uc'
1004 580 1043 642 tis
1071 579 1150 643 alios
1174 581 1315 644 rm‘acrcal

166 693 199 752 et
220 663 309 770 A‘pro
330 693 366 752 ut
386 692 506 752 euortot
522 687 731 770 Ldrborcicum,
753 687 876 768 pud-ndo
898 688 1010 751 mortu
1031 683 1180 772 uallibus),
1203 691 1313 750 tamen

166 794 265 859 etiam
296 795 399 859 altera
428 794 487 858 illa
515 792 686 857 collocatio
721 792 850 857 admitti
883 793 991 875 potuit
1023 796 1195 876 propterea
1227 793 1313 875 quod

166 901 246 966 nibil
271 901 464 965 adsensum
489 899 713 984 ambiguitatis
738 898 837 963 babet
859 903 896 963 ut
925 899 964 962 Vr
985 899 1038 962 illo
1060 899 1147 963 illud.

257 1007 432 1092 Oppositas
463 1028 534 1070 esse
564 1006 663 1070 etiam
693 1005 781 1071 Trin.
805 1006 877 1070 ab
907 1006 1132 1088 pronominum
1163 1006 1313 1070 notiones

167 1136 218 1197 epo
248 1118 282 1178 et
311 1115 400 1178 illaec
429 1136 524 1178 nemo
555 1116 606 1177 eet
635 1113 690 1196 qui
719 1118 829 1197 neget:
862 1114 895 1174 et
925 1116 1035 1175 tamen
1064 1112 1098 1175 in
1128 1112 1214 1176 thesi
1237 1113 1314 1177 deli·

167 1226 289 1286 tescere
317 1243 369 1304 epo
396 1220 483 1305 passi
512 1242 635 1284 eumue:
665 1220 758 1283 Nunc
790 1220 886 1300 {pluo
907 1221 1057 1301 primum,
1079 1219 1161 1300 quod
1179 1240 1231 1301 epo
1252 1221 1313 1285 sim

168 1331 196 1393 ct
220 1349 300 1410 quac
325 1327 415 1392 illudo
440 1327 504 1391 stet.
552 1326 643 1401 Quod
672 1325 801 1409 quidem
824 1328 952 1389 tantum
975 1325 1068 1389 abest
1091 1330 1128 1390 ut
1150 1326 1185 1390 in
1209 1331 1312 1391 artem

169 1436 322 1518 offendat,
350 1438 387 1498 ut
412 1432 667 1517 loeupletiseima
689 1432 815 1495 ratione
838 1431 970 1495 nitatur.
1015 1431 1146 1496 Etenim
1170 1432 1313 1498 ubicum-

169 1563 230 1626 que
252 1564 318 1605 non
342 1540 479 1625 simplex
497 1540 536 1603 fit
554 1539 689 1602 duarum
708 1538 880 1603 notionum
899 1538 1073 1622 oppositio,
1097 1538 1153 1603 eed
1172 1540 1313 1623 geminis

169 1649 317 1734 geminae
340 1646 488 1712 notiones
512 1648 732 1729 opponuntur,
759 1645 949 1727 plerumque
972 1666 1030 1709 nec
1053 1644 1220 1710 commode
1243 1646 1313 1710 fieri

169 1755 277 1840 potuit
303 1757 341 1818 ut
369 1755 599 1837 quaternarum
628 1773 743 1816 vocum
766 1750 858 1814 nulla
880 1755 972 1815 extra
1001 1751 1102 1816 araim
1129 1755 1228 1834 esset,
1256 1774 1314 1816 nec

169 1885 251 1947 opus
281 1882 353 1926 enee
382 1864 450 1924 tem
480 1859 595 1942 putida
625 1858 798 1942 diligentia
826 1857 931 1922 visum
962 1862 1026 1941 est,
1056 1857 1113 1921 sed
1142 1859 1222 1922 eatis
1252 1859 1316 1922 fuit

169 1970 339 2052 utriusque
367 1966 504 2033 membri
532 1965 678 2049 bipertiti
709 1965 902 2030 alterutrum
926 1965 1153 2029 antithetieum
1177 1965 1314 2030 vocabu·

168 2075 234 2140 lum
259 2074 340 2139 acui.
380 2072 488 2138 Pauca
512 2072 596 2137 enim
620 2073 766 2154 exempla
789 2072 840 2135 vel
864 2077 932 2136 tam
955 2075 1216 2136 consummatam
1239 2094 1314 2136 con·

169 2181 359 2246 cinnitatem
378 2203 456 2264 prae
473 2201 508 2244 ee
531 2179 639 2243 lerunt
656 2201 753 2263 quarn
775 2179 889 2243 Bacch.
904 2178 969 2242 333
986 2179 1092 2262 [365]:
1117 2176 1155 2243 St
1172 2178 1223 2242 illi
1242 2184 1317 2243 surrt

170 2292 278 2371 ue'rpoc
300 2288 378 2370 rriri,
401 2293 435 2351 ot
456 2287 535 2351 milri
558 2287 675 2368 terpu'm
696 2286 816 2366 contat,
840 2285 890 2349 vol
910 2288 978 2349 tam
997 2285 1185 2369 languidum
1205 2306 1315 2371 genus,

169 2399 206 2459 ut
227 2395 418 2478 bipertitum
442 2394 623 2458 membrum
647 2393 785 2457 alterum
809 2396 914 2456 totum
943 2391 987 2456 sit
1014 2391 1048 2456 in
1077 2391 1175 2471 thesi,
1203 2391 1254 2456 bis
1282 2393 1314 2456 in

169 2503 235 2567 arei
249 2503 398 2582 alterum,
412 2505 448 2564 ut
462 2500 505 2564 ib.
520 2501 582 2563 103
598 2499 704 2580 [134]:
725 2499 748 2562 I
751 2499 848 2562 bidem
866 2500 918 2579 e'po
936 2518 1035 2561 meum
1049 2518 1173 2579 operam
1182 2498 1316 2579 perdidt,

168 2609 260 2694 ubst)
293 2609 326 2671 td
359 2613 453 2672 trram.
503 2606 568 2670 Vbi
601 2607 629 2670 si
661 2606 711 2670 vel
740 2627 791 2688 (po
818 2609 851 2669 et
878 2611 978 2688 lucro,
1012 2605 1062 2669 vel
1090 2626 1190 2668 mcum
1220 2607 1253 2668 et
1283 2610 1316 2668 tu

169 2721 363 2782 uenerantur
386 2714 469 2797 sola,
496 2713 555 2777 illa
581 2713 654 2796 ipsa
681 2712 826 2795 prodiret
854 2733 952 2795 quam
976 2712 1115 2776 maxime
1143 2712 1314 2794 probatam

169 2845 241 2888 eoae
261 2822 400 2905 speciem
423 2821 501 2885 dixi:
526 2820 620 2904 qualo
643 2820 705 2884 hoc
725 2824 776 2883 cst
798 2819 885 2883 Trin.
909 2820 964 2882 59:
996 2818 1315 2882 repatriaremur?

169 2930 270 2994 tetam
283 2949 336 3011 opo
347 2929 459 2992 ducum
472 2932 501 2990 et
514 2927 552 2990 ια’
565 2930 687 2990 neom?
702 2925 784 2990 Item
795 2925 912 2990 Bacch.
926 2926 986 2989 131
1005 2926 1112 3008 [16Ο];
1128 2926 1195 2990 tibi
1207 2946 1259 3008 opo
1272 2947 1316 2989 un

172 3042 212 3099 tu
232 3035 309 3099 miti
330 3036 434 3100 educa
456 3038 508 3099 ee?
533 3033 593 3116 vel,
616 3054 656 3096 nc
675 3033 708 3096 in
728 3033 805 3097 solis
824 3033 1070 3114 pronominibus
1091 3032 1315 3115 subsistamus,
1330 3055 1441 3095 cccxiv

170 3143 213 3208 ib.
229 3165 258 3211 v.
272 3143 294 3205 4
308 3141 393 3224 [35]:
412 3141 447 3204 rit
465 3145 499 3204 tu
517 3140 652 3223 tricena,
670 3141 729 3222 c'po
748 3140 865 3222 operar,
885 3139 941 3205 ubi
960 3140 1021 3203 etsi
1036 3140 1155 3203 licebat
1169 3141 1268 3204 ctiam
1283 3145 1316 3203 tu

171 3271 285 3315 acuere
314 3248 360 3312 sic
388 3247 636 3331 transpositum,
659 3247 693 3310 tu‘
714 3248 762 3309 uti
784 3245 897 3328 meua,
920 3249 1030 3309 tamen
1052 3267 1117 3309 non
1142 3266 1223 3329 opus
1247 3250 1316 3309 erat

171 3355 292 3440 duplici
316 3355 485 3418 notionum
514 3355 703 3418 intentione.
749 3352 874 3416 Horum
899 3351 1001 3437 igitur
1023 3351 1235 3416 similitudine
1258 3352 1316 3416 illa

171 3484 301 3546 quoque
322 3444 417 3543 pube
434 3483 486 3543 epo
504 3462 564 3524 uim
582 3467 610 3524 ct
630 3481 708 3542 quoe
732 3461 840 3524 illae‘c
862 3460 919 3522 sict
936 3459 1094 3523 censenda
1113 3462 1202 3522 eunt:
1225 3459 1315 3542 prius

171 3569 258 3634 enim
282 3590 381 3652 quam
402 3567 443 3632 ad
467 3567 624 3632 Luxuriae
647 3567 842 3650 Inopiacque
867 3564 932 3650 (epo
946 3614 954 3630 .
970 3615 976 3628 .
991 3614 999 3628 .
1013 3565 1114 3649 illaec)
1138 3566 1315 3650 oppositio·

172 3698 245 3739 nem
270 3674 418 3758 pervenit
440 3674 554 3750 oratio,
583 3673 745 3736 contraria
772 3673 851 3737 haec
875 3671 1060 3755 cogitantur
1087 3694 1178 3753 quac
1199 3675 1260 3736 eim
1282 3676 1316 3736 ct

172 3783 263 3864 quid
283 3782 429 3864 uelimus,
459 3803 596 3864 quorum
626 3780 688 3844 hoc
719 3780 857 3842 alterum
888 3784 963 3861 post
993 3778 1121 3843 demum
1150 3778 1185 3864 (a
1207 3802 1235 3844 v.
1263 3780 1315 3862 10)

172 3888 376 3973 persequitur
404 3887 572 3972 prologus:
600 3887 684 3952 unde
714 3885 843 3949 minime
872 3908 952 3968 opus
980 3886 1080 3951 fuisse
1108 3885 1238 3950 intenso
1265 3886 1317 3967 e‘po

171 3995 376 4078 perspicitur.

262 4223 287 4289 ‘l
307 4223 383 4292 [oroi
402 4223 502 4291 Opunc.
522 4222 592 4291 phil.
612 4221 649 4275 lll
669 4239 694 4291 p.
718 4220 787 4290 lar]
