2962 5032
430 256 695 304 uununfflonis
720 256 926 336 nnuvmnnn.
1185 240 1247 303 441

200 450 206 462 .
247 414 255 462 .·
292 449 608 465 ........
644 398 873 463 demonstretis
896 402 950 480 qut
975 421 1046 462 eam
1069 399 1250 464 abstulerit.

202 555 699 570 ............
733 510 762 571 st
786 507 909 590 amant,
932 507 1096 590 sapienter
1117 506 1250 570 faciunt.

202 664 698 678 ............
728 614 756 676 ti
779 615 894 678 amabo
920 616 952 677 et
975 618 1007 676 te
1032 614 1250 696 amplexabor.

73 752 166 818 Sed
194 756 293 820 etiam
317 757 350 820 in
374 756 547 822 trochaicis
570 755 782 840 iambicisque
803 756 947 821 versibus
968 755 1104 820 alteram
1124 755 1250 820 solutae

70 862 187 926 arsis
213 861 375 945 syllabam
407 861 453 925 sic
481 883 551 925 esse
575 883 646 925 cum
670 859 762 924 hiatu
787 865 969 945 correptam
993 862 1135 928 nondum
1159 864 1250 946 potui

70 967 183 1032 mihi
209 967 415 1052 persuadere:
450 989 514 1032 non
538 967 571 1031 id
595 967 691 1031 aliam
716 968 757 1031 ob
782 990 945 1051 caussam,
974 992 1070 1054 quam
1095 969 1178 1052 quod
1202 972 1249 1032 ta-

80 1072 189 1137 lium
214 1076 433 1159 exemplorum
460 1074 563 1139 nimia
591 1073 624 1138 in
653 1074 781 1138 circiter
803 1075 921 1159 viginti
945 1076 1077 1140 milibus
1101 1099 1251 1140 versuum

75 1180 253 1263 paucitas
277 1185 334 1245 est.
380 1181 492 1266 Itaque
521 1181 727 1245 vehementer
757 1181 870 1246 dubito
895 1205 973 1246 num
996 1181 1076 1247 <lam
1097 1203 1195 1245 renum
1219 1187 1251 1246 et
1370 1193 1371 1196 ’

79 1288 155 1350 trid
180 1287 320 1368 infamia
343 1288 422 1352 satis
445 1286 518 1351 fidei
542 1287 686 1351 habeant
708 1286 825 1352 Bacch.
848 1288 874 1369 l,
901 1293 929 1372 1,
954 1291 993 1353 ll
1019 1295 1051 1353 et
1074 1288 1130 1372 ΙΙΙ,
1153 1293 1179 1373 l,
1203 1291 1251 1358 ll,

85 1393 157 1476 qui
183 1415 298 1458 versus
321 1395 430 1459 nescio
455 1417 497 1458 an
521 1393 567 1457 sic
591 1416 655 1458 non
678 1393 881 1459 incommode
905 1395 1103 1460 scribantur:
1179 1468 1193 1499 ς

196 1522 287 1601 Diae
309 1558 357 1600 nze
379 1558 478 1601 unum
503 1534 654 1620 expetitis
678 1536 880 1620 palumbem:
902 1535 1008 1622 affl)
1033 1539 1156 1604 arundo
1180 1539 1250 1604 alas

959 1645 1121 1711 uerberat:

195 1738 269 1812 Tria
293 1748 386 1835 tn**)
411 1750 545 1814 infamia
568 1749 674 1814 fecisti
700 1749 922 1835 gerulifigulos
945 1752 1063 1837 flagiti:

97 1913 181 1954 nam
206 1891 237 1954 in
261 1892 370 1976 priore
387 1893 471 1974 perii
494 1865 605 1976 potest
627 1892 813 1977 interpretis
834 1915 902 1957 esse
922 1896 1129 1978 proverbium
1150 1897 1249 1981 expli-

100 1998 218 2062 cantis.
264 1997 340 2062 Non
369 1998 533 2064 difficilius
558 2003 608 2064 est
631 1999 753 2064 inserto
777 2022 828 2082 epo
853 1999 949 2064 Mero.
972 2000 1012 2084 V,
1037 2003 1250 2084 attollere

99 2105 188 2169 dolat
210 2110 291 2169 crat:
841 2110 845 2119 '

194 2244 291 2312 Domi
310 2252 381 2313 erat
399 2248 484 2333 quod
504 2246 640 2334 eg0***)
655 2248 891 2333 quaeritabam:
912 2251 965 2314 sex
982 2250 1101 2350 sodalis
1116 2251 1250 2334 repperi.

104 2387 308 2474 Quamquam
336 2390 377 2456 do
402 2392 465 2455 hoc
494 2390 692 2475 singularem
721 2391 763 2455 ob
787 2414 935 2456 caussam
959 2392 1084 2457 cautius
1108 2391 1249 2456 iudican-

105 2495 180 2560 dum
205 2499 264 2561 est
309 2495 395 2562 Nam
419 2519 492 2561 cum
516 2497 626 2561 eadem
651 2498 752 2581 ratio,
775 2519 840 2582 qua
863 2499 1070 2562 continentur
1092 2495 1142 2562 πιέ
1161 2497 1251 2562 bobes

106 2608 139 2667 et
161 2601 237 2667 mim
259 2603 358 2682 babes,
381 2605 467 2667 inter
490 2604 573 2668 donn
595 2609 640 2668 est
662 2607 694 2667 et
717 2604 840 2667 sideritim
864 2610 907 2669 cst
930 2605 1119 2686 intercedat,
1141 2609 1250 2669 tamen
1265 2625 1335 2665 ocrv

105 2731 179 2773 cum
211 2709 273 2774 hoc
305 2716 469 2794 postremo
502 2709 586 2794 quod
620 2711 800 2794 comparari
834 2715 945 2795 queat,
977 2733 1014 2773 er
1047 2710 1250 2795 undeviginti

106 2815 227 2879 fabulis
250 2815 413 2882 Plautinis
441 2816 522 2880 nihil
552 2816 714 2899 recordor,
748 2817 782 2881 in
804 2840 869 2881 una
891 2815 1072 2882 Mercatore
1095 2816 1163 2880 scio
1187 2817 1251 2880 tria

106 2922 252 3006 exempla
276 2927 401 2988 exstare
424 2923 449 3008 l,
468 2925 498 3006 2,
518 2924 569 2988 69.
597 2922 638 3006 ll,
657 2925 687 3007 4,
710 2926 757 2988 ll.
785 2922 825 3007 V,
843 2925 873 3007 2,
892 2925 951 2988 47:

198 3065 299 3129 Teium
321 3065 469 3131 amicam.
516 3063 599 3141 Quid
623 3066 717 3129 eam?
763 3065 863 3130 Vidit.
910 3063 1025 3129 Vidit?
1048 3088 1108 3130 uae
1131 3065 1250 3130 misero

957 3173 1048 3238 mihi.

196 3277 298 3343 Trium
322 3278 471 3344 amicam.
501 3278 649 3345 Nimium
673 3280 810 3344 multum
835 3279 908 3346 scis.
942 3280 1022 3346 Tuis
1045 3279 1205 3364 ingratiis.

199 3385 299 3449 Trium
323 3387 470 3450 amicam.
499 3385 582 3463 Quid
608 3387 700 3451 eam?
724 3385 789 3449 Vbi
813 3386 866 3469 sit,
889 3388 949 3471 e'go
973 3387 1049 3451 scio.
1082 3384 1172 3449 Tune
1196 3386 1251 3449 ob·

959 3476 1073 3557 sacro?

110 3616 187 3680 Tam
211 3616 290 3681 haec
314 3617 452 3702 gemella
475 3624 564 3699 sunt,
594 3624 628 3681 ut
657 3618 695 3682 de
723 3618 912 3702 integritate
936 3617 1114 3699 scripturae
1139 3616 1192 3679 vix
1216 3616 1251 3679 li·

110 3727 178 3787 ceat
201 3723 357 3788 dubitare.
387 3724 501 3808 Itaque
525 3725 586 3789 hoc
611 3747 705 3788 omne
728 3724 815 3788 illius
839 3724 1039 3808 quaestionis
1063 3723 1251 3807 opportuni·

110 3831 167 3894 tati
192 3831 420 3914 reservandum
445 3835 508 3914 est,
537 3854 600 3915 qua
625 3832 702 3914 quid
724 3831 759 3894 in
782 3830 1004 3896 Mercatorea
1029 3829 1180 3894 Plautino
1205 3828 1251 3891 in·

109 3936 202 4019 genio
227 3940 260 4000 ct
282 3959 342 4000 usu
367 3937 550 4020 abhorreat,
573 3938 771 4020 expendetur
794 3937 985 4002 accuratius.

108 4043 321 4054 ——

214 4095 240 4163 *)
261 4093 314 4165 [ef.
334 4095 428 4149 annot.
448 4093 484 4148 ad
503 4094 577 4148 hunc
596 4111 706 4149 versam
726 4096 755 4148 et
773 4093 863 4167 Musei
882 4094 968 4147 Rhen.
989 4093 1039 4147 XII
1058 4111 1084 4163 p.
1106 4093 1178 4161 457]

196 4181 237 4251 *ἢ
258 4181 355 4253 [Tuod
372 4180 442 4238 Nov.
462 4199 521 4238 exc.
540 4181 632 4238 Plant.
652 4184 663 4236 I
682 4200 710 4251 p.
730 4182 785 4251 aa]

178 4269 236 4340 m)
257 4270 300 4340 [ln
318 4271 441 4328 editione
460 4272 535 4326 dom
552 4272 583 4325 id
601 4277 659 4325 erat
678 4273 750 4340 quod
763 4271 841 4327 dedit
855 4271 1024 4325 ltitschelius
1042 4271 1142 4324 notans
1160 4270 1249 4323 bach-

106 4375 239 4413 mannnm
259 4358 289 4414 in
308 4360 389 4416 Lucr.
408 4379 435 4430 p.
457 4361 529 4431 195]
