2926 5040
179 103 246 167 702
406 116 641 166 airammum.
665 101 882 181 insonuisse,
904 112 1098 180 rnaassnu,

177 270 293 344 turam,
317 261 480 326 communi
504 261 629 345 impetu
652 260 837 324 litterarum
860 255 1132 323 universitatibus
1158 254 1333 338 mInantur‚

179 391 199 433 a
221 368 414 433 laetioribus
437 367 536 432 etism
559 365 683 451 quartis
707 364 787 430 baec
805 364 904 429 tertia
923 361 1106 429 saecularia
1122 362 1335 447 excipiantur.

180 474 295 540 Valete
318 473 476 558 nobisque
500 473 616 538 favete.

262 580 491 647 Scribebamus
511 579 645 646 Bonnae
670 578 751 644 XIII
772 576 845 643 Kal.
865 575 996 661 Septa.
1015 592 1332 644 clolocccxxxxnlu

649 828 862 839 —-——

739 1023 768 1088 6.

199 1163 642 1230 Gratulationsadresse
670 1163 735 1228 der
761 1162 915 1228 Bonner
943 1161 1198 1229 Universitiit
1224 1183 1307 1226 zum

236 1271 678 1356 dreihundertjthrigen
701 1270 901 1336 Jubiliium
925 1269 996 1335 der
1018 1266 1270 1335 Universitdt

673 1378 712 1442 in
734 1376 841 1442 Jena

267 1519 388 1585 [tector
414 1526 448 1585 et
471 1519 608 1585 Senatus
632 1518 641 1605 'ql
664 1517 896 1584 Vniversitatis
919 1516 1116 1583 Fridericiae
1138 1514 1300 1583 Guilelmi
1316 1545 1368 1574 e
1438 1560 1463 1586 ·.

177 1623 353 1690 Rhenanae
375 1624 385 1711 Η
417 1624 448 1691 S·
470 1626 505 1691 P.
528 1625 568 1690 D.
591 1624 600 1711 l}
621 1619 806 1691 Prorectori
834 1629 867 1690 et
895 1623 1033 1691 Senatui
1053 1624 1065 1709 fl
1087 1622 1226 1689 Inclitae
1252 1621 1436 1696 Vni—i

182 1732 348 1797 versitatis
372 1731 528 1797 lenensis.

274 1853 357 1920 Tam
375 1855 521 1939 profecto
540 1854 714 1920 iucundum
733 1875 831 1939 quam
849 1853 1064 1919 honorificum
1087 1853 1184 1920 nobis
1206 1852 1400 1919 accidi}
1443 1885 1463 1909 v

185 1960 270 2044 quod
298 1964 395 2025 natae
424 1965 498 2025 ante
526 1961 606 2026 haec
634 1960 698 2025 tria
726 1960 854 2026 saecula
876 1959 1101 2026 universitatis
1124 1958 1263 2026 Vestrae
1284 1960 1457 2025 ina

184 2067 398 2132 lustrissimae
429 2066 633 2149 eiusdemque
664 2088 722 2150 per
751 2070 935 2149 temporum
966 2064 1208 2133 vicissitudines
1231 2066 1366 2132 uf·-
1415 2097 1436 2120 ·

183 2173 328 2238 numinis
360 2174 515 2239 beneficio
548 2173 763 2257 prosperrime
793 2176 1003 2239 conservatae
1032 2172 1178 2239 faustam
1212 2194 1380 2239 mem·
1406 2201 1434 2226 ·

185 2281 267 2345 riam
297 2302 356 2345 nos
386 2280 609 2345 concelebrare
636 2279 778 2345 iussistis
806 2300 929 2363 proque
958 2277 1070 2344 futura
1096 2278 1188 2345 illius
1210 2278 1330 2345 incol-

184 2387 297 2451 mitate
320 2386 473 2451 voluistis
502 2407 575 2450 cum
597 2383 726 2450 Vestris
754 2389 869 2450 nostra
891 2387 968 2449 vota
990 2383 1199 2468 pientissima
1220 2402 1462 2451 consuo

186 2494 274 2559 cieri.
320 2491 406 2558 Nam
439 2495 667 2576 praeterquam
699 2491 785 2575 quod
817 2491 961 2557 laetitiae
992 2489 1174 2557 Vobiscum
1204 2484 1462 2577 parue==i

185 2599 311 2683 pendae
334 2620 449 2664 caussa
472 2599 666 2683 gravissima
688 2599 821 2663 inventa
844 2603 895 2663 est
912 2598 948 2662 in
965 2597 1132 2663 communi
1150 2597 1261 2664 studio

181 2707 367 2790 artiumque
399 2704 635 2770 necessitudine
668 2705 826 2788 omnium,
857 2704 1032 2770 accedebat
1059 2702 1124 2768 huc
1157 2695 1461 2790 singular—'i

186 2813 235 2876 vis
259 2813 359 2896 ipsius
379 2810 651 2875 dissimilitudinis
670 2833 750 2894 quae
769 2810 856 2875 inter
869 2809 1006 2875 Vestras
1021 2814 1217 2895 nostrasque
1236 2811 1301 2875 rati·
1391 2823 1454 2864 ί)

182 2941 238 2983 nes
254 2918 433 2982 intercedit.
467 2918 745 2994 Quemadmodum
765 2919 903 3001 enimin
923 2920 992 2984 vita
1013 2919 1182 2986 homiuum
1196 2915 1403 2984 iuvenffi
1419 2908 1457 2970 ]¹'

183 3025 285 3089 aetati
309 3024 420 3088 senilis
445 3024 617 3108 prudentia
640 3026 782 3110 proponi
806 3025 891 3090 solet
915 3027 955 3090 ad
979 3023 1187 3109 imitandum,
1210 3027 1258 3091 ita
1279 3047 1319 3088 r·
1377 3036 1458 3076 εδ

182 3135 314 3196 nostrae
339 3130 378 3194 ad
399 3132 621 3194 maturitatem
642 3130 811 3214 paullatim
832 3131 1073 3197 subolescentes
1092 3152 1159 3195 non
1177 3152 1272 3215 posse
1289 3116 1454 3193 ὠά

184 3239 302 3302 elarius
323 3244 355 3300 et
374 3237 535 3303 efficacius
551 3239 714 3321 exemplar
733 3237 831 3322 dirigi
850 3237 1053 3322 videbantur,
1077 3260 1176 3322 quam
1197 3235 1278 3322 quod
1387 3223 1451 3288 ΞΠ

185 3344 274 3408 omui
298 3347 330 3408 et
354 3343 520 3408 doctrinae
544 3347 576 3407 et
600 3343 785 3408 honestetis
804 3365 921 3429 genere
941 3368 959 3408 a
978 3344 1099 3409 Vestra
1122 3344 1383 3410 universitu
1400 3334 1448 3391 ἡ

185 3452 306 3516 editum
336 3452 422 3514 esset
454 3449 729 3534 amplissimisque
762 3450 862 3514 trium
894 3450 1099 3515 saeculorum
1132 3435 1443 3516 documentis

187 3563 402 3641 propagatum
427 3555 760 3641 commendatumque.
806 3554 911 3632 Quam
935 3556 1065 3640 quidem
1089 3558 1206 3623 merito
1228 3571 1398 3620 reso
1414 3563 1437 3604 r·

187 3664 357 3747 dabamur,
388 3685 425 3725 ex
457 3684 520 3745 quo
551 3663 810 3746 generosissimis
840 3662 985 3727 consiliis
1016 3663 1150 3728 Ioannis
1181 3651 1391 3727 miden-i
1406 3647 1432 3710 tl

186 3769 389 3854 Magnanimi
413 3768 542 3833 condita
566 3772 628 3852 est,
655 3769 768 3833 multis
798 3791 836 3833 ac
860 3770 964 3835 saevis
989 3791 1062 3834 cum
1085 3768 1370 3835 domesticam!
1384 3776 1420 3819 11¹

186 3881 255 3940 tum
288 3880 494 3941 externorum
527 3876 743 3958 periculorum
775 3876 1026 3960 tempestatibus
1059 3876 1227 3959 iactatam,
1255 3885 1411 3938 cum

188 3982 267 4046 levis
292 3987 325 4046 et
348 3982 512 4046 imbecilla
531 3982 663 4046 fortuna
683 3983 863 4047 animorum
883 3983 1039 4048 firmitate
1057 3987 1155 4067 atque
1173 3974 1402 4068 gravitate

190 4094 356 4173 tamquam
382 4090 498 4153 fluctus
523 4112 674 4153 saxorum
698 4091 815 4167 robore
840 4090 1031 4169 vinceretur,
1053 4091 1117 4155 vim
1137 4110 1174 4155 ac
1192 4085 1388 4172 potesta

187 4199 253 4259 tem
275 4196 415 4278 virtutis,
439 4196 569 4278 laboris,
588 4197 776 4274 industriae,
795 4198 999 4263 constantiae
1018 4201 1086 4262 tam
1104 4193 1234 4262 elamin
1254 4190 1374 4254 luce
