2962 5032
492 310 757 361 nnsnnsmoms
781 311 992 360 parvumne.
1252 294 1315 360 431

288 453 382 558 (lerte
405 457 433 521 is
457 460 515 540 est,
540 456 568 522 is
592 459 642 520 est
659 457 803 539 profecto.
826 478 843 519 0
867 455 914 521 mi
935 479 987 521 ere
1011 452 1273 541 exoptatissume.

285 561 336 627 no
358 562 491 628 01001000.
516 560 585 628 GH.
607 564 680 630 beas
703 570 744 646 ta,
767 570 836 628 asta
859 565 949 628 ilico:
972 564 1048 628 audi
1070 585 1095 628 0.
1120 585 1149 647 q.
1173 585 1198 627 s.

260 703 406 780 Quorum
429 727 579 771 versuum
605 711 749 771 extremo
773 728 832 771 nec
856 707 993 770 mutatio
1017 727 1173 790 personae
1191 726 1251 770 nec
1269 705 1318 769 vis

163 813 417 878 exclamationis
445 835 503 879 nec
531 812 626 876 finis
655 813 875 877 sententiae
899 812 1028 877 obstitit
1051 812 1186 876 elisioni.
1232 811 1317 877 Nam

165 918 318 1003 profecto
337 920 436 984 etiarn
455 941 528 984 cum
548 923 691 984 mutatae
709 940 867 1005 personae
882 919 933 983 rel
952 919 1196 984 exclamationis
1216 941 1320 1003 pausa

166 1049 236 1093 non
259 1027 451 1093 coniunctus
474 1027 574 1111 ipsius
600 1027 834 1093 enuntiationis
858 1027 931 1090 finis
938 1077 947 1109 ‚
971 1027 999 1090 si
1021 1026 1181 1091 rationem
1205 1048 1318 1091 consu·

168 1132 283 1217 limus,
310 1156 376 1200 non
400 1133 533 1199 suadere
556 1138 697 1218 tantum,
725 1133 780 1199 sed
807 1134 954 1219 flagitare
977 1133 1249 1217 pronuntiationis
1272 1135 1319 1198 in-

169 1241 344 1308 tervallum
377 1240 517 1305 ridetur:
551 1245 584 1305 et
615 1238 728 1307 tamen'
762 1242 796 1306 in
828 1241 890 1306 hoc
921 1262 1046 1325 quoque
1076 1240 1173 1305 tertio
1202 1260 1318 1325 genere
1444 1259 1447 1264 ·

172 1346 342 1413 elisionem
365 1351 493 1412 tantum
517 1347 611 1411 abest
633 1352 670 1411 ut
692 1347 934 1413 reformidannt
956 1352 1081 1431 poetae,
1103 1352 1141 1411 ut
1160 1368 1232 1411 rara
1252 1346 1318 1409 sint

173 1450 280 1519 hiatus
305 1455 460 1538 exempla
506 1454 552 1519 Et
580 1455 614 1518 in
637 1454 826 1519 Trinummo
856 1455 984 1539 quidem
1013 1455 1152 1519 nullum:
1181 1455 1213 1518 in
1243 1475 1317 1518 con·

175 1562 308 1626 trariam
331 1564 456 1645 partem
479 1561 623 1626 valentia
640 1561 770 1626 circiter
789 1562 904 1647 viginti
928 1562 1077 1647 quinque,
1101 1561 1189 1625 velut
1212 1559 1318 1645 (prae-

174 1668 217 1732 ter
246 1673 346 1733 antea
374 1667 486 1752 allata,
513 1668 548 1732 in
576 1668 693 1752 quibus
718 1668 908 1733 exclamatio
932 1666 1068 1752 accedit)
1093 1691 1120 1733 v.
1148 1668 1219 1733 195.
1244 1667 1318 1733 376.
1442 1691 1446 1700 ·

173 1773 244 1840 681.
271 1774 347 1839 692.
372 1775 444 1839 717.
469 1774 736 1840 lassasset.
763 1776 857 1841 1018.
883 1776 976 1840 1139.
1003 1777 1100 1840 1150:

260 1916 350 1982 Istric
373 1918 523 1982 uolebam
544 1919 630 1981 00100.
653 1919 667 1980 1
690 1939 766 1981 sane
790 1922 876 1982 nunc
899 1918 972 1982 iam.
1152 1999 1153 2002 Ἴ

262 2017 334 2088 Tria
356 2045 391 2088 re
409 2024 509 2089 sulas.
531 2023 587 2087 boc
608 2024 703 2106 pacto
723 2024 764 2087 ab
785 2024 841 2088 illo
866 2028 1025 2088 summam
1048 2025 1145 2088 inibis
1169 2027 1317 2109 gratiani.

260 2122 370 2194 Melam
397 2152 541 2204 sororem
568 2126 631 2193 tibi
659 2130 731 2194 dem
760 2129 875 2194 suades
898 2129 968 2194 sine
991 2133 1064 2195 dole
1092 2137 1126 2194 01
1153 2154 1220 2196 non
1243 2135 1317 2195 crin-

814 2238 910 2301 uenit.

261 2342 342 2420 Quis
365 2366 417 2409 me
440 2344 621 2427 improbior
642 2343 852 2427 perhibeatur
873 2344 957 2409 c'sse?
980 2345 1052 2408 haec
1074 2343 1290 2429 famigeratio.
1333 2361 1417 2401 01011

262 2433 569 2516 1101100000.
592 2451 699 2532 rausa
719 2449 821 2533 ausa,
843 2449 1026 2533 Lysiteles?
1050 2472 1110 2537 ego
1133 2453 1165 2516 te
1189 2451 1273 2516 uolo.

261 2556 492 2641 inspectasque
515 2577 583 2624 esse.
606 2559 642 2621 in
664 2551 851 2623 hiiiusmodi
874 2559 1016 2644 negotio.

264 2661 488 2749 Spiircificum,
507 2664 691 2749 immanem,
713 2663 966 2748 intolerandum,
988 2667 1145 2730 0001000000.
1168 2685 1220 2748 epo
1244 2685 1318 2728 con-

282 2851 290 2869 1
814 2778 865 2837 tra
888 2774 987 2854 opera
1011 2777 1170 2856 expertus.

263 2875 310 2940 Vt
333 2878 415 2941 sciat
438 2878 668 2959 seposuisse.
692 2900 744 2961 epo
768 2878 858 2943 abeo.
882 2879 966 2942 male
991 2879 1066 2943 uiue
1090 2879 1123 2942 e't
1146 2877 1229 2942 uole.

262 2980 437 3048 Memoriae
457 3005 527 3048 esse
545 2984 694 3049 oblitam?
717 3006 761 3048 aa
784 3007 870 3069 uero,
894 2983 971 3069 quia
992 2988 1028 3050 tu
1052 3007 1125 3050 cum
1149 2984 1236 3070 frugi
1259 2983 1317 3048 ho·

156 3074 162 3080 ¹
813 3091 963 3155 minibus.

263 3195 371 3262 Nimis
403 3197 636 3282 pergraphicus
669 3197 864 3280 sicophanta.
896 3199 925 3262 is
956 3197 1050 3262 mille
1083 3221 1251 3262 nummum
1285 3221 1319 3263 se

813 3309 955 3369 aureum.

265 3409 360 3475 Solus
390 3415 455 3495 sto,
483 3433 542 3476 nec
570 3411 655 3495 quod
683 3417 818 3477 conatus
847 3434 919 3476 sum
948 3412 1159 3495 118010,οθοὲ
1183 3411 1319 3476 immines

816 3519 1000 3602 conloquar.

179 3657 301 3734 Quibus
331 3660 512 3744 propinqua
543 3659 622 3724 haec
652 3664 741 3723 sunt:
775 3683 803 3723 v.
827 3659 901 3724 391.
931 3661 1005 3724 590.
1036 3661 1109 3724 624.
1141 3660 1213 3724 104.
1245 3661 1318 3723 746.

180 3766 249 3830 199.
276 3766 370 3831 1068.
396 3768 490 3832 1108.

264 3873 409 3958 Ergone,
438 3873 493 3958 qui
516 3877 584 3937 tam
608 3896 701 3937 rarus
724 3873 833 3937 hiatus
857 3873 902 3937 ibi
926 3873 998 3958 fuit,
1022 3872 1076 3937 ubi
1099 3895 1202 3956 pausa
1225 3895 1318 3957 quae·

178 3979 250 4043 dam
274 3980 363 4045 vocis
390 4001 454 4044 non
483 3984 612 4045 tantum
641 3981 829 4046 offensionis
853 3980 934 4044 nihil
959 3982 1014 4045 sed
1038 3981 1117 4045 adeo
1141 3981 1319 4065 plurimum

178 4086 467 4151 commendationis
490 4086 634 4170 haberet,
657 4109 781 4169 eumne,
804 4088 860 4151 ubi
884 4089 925 4152 ab
949 4087 1060 4151 eadem
1083 4090 1176 4172 parte
1203 4109 1244 4150 ne
1268 4109 1321 4149 ex·

178 4194 354 4260 cusationis
375 4193 504 4278 quidem
523 4194 695 4278 quicquam
714 4198 863 4276 paratum
883 4198 942 4277 est,
965 4194 1126 4278 patienter
1144 4194 1320 4258 toleratum

178 4321 247 4365 esse
270 4301 529 4366 existimabimus
553 4305 585 4364 et
608 4305 737 4384 praeter
761 4300 918 4365 rationem
937 4323 1072 4385 pausam
1091 4302 1321 4384 pronuntiandi

176 4407 337 4491 placuisse
359 4407 415 4471 ubi
439 4405 617 4472 sententiae
641 4407 731 4470 nulla
749 4407 857 4471 esset?
890 4407 934 4471 Et
953 4406 1014 4470 hoc
1037 4412 1074 4471 ut
1097 4408 1177 4472 artis
1200 4408 1320 4473 fuerit?
