2962 5032
509 116 740 166 usrnrmseaa
764 118 889 166 annau.
1206 99 1270 164 649

117 262 289 326 efficiant:
316 261 412 346 idque
433 283 621 344 perversum
644 260 740 324 debet
762 260 971 342 comparandi
995 259 1137 323 studium
1161 258 1272 343 videri,

111 368 192 433 nisi
216 368 346 454 quidem
369 391 437 434 non
459 369 494 433 in
517 367 615 433 simili
639 371 775 451 tantum,
799 367 855 431 sed
878 387 1010 450 prorsus
1034 367 1144 431 eodem
1165 367 1199 431 in
1218 387 1271 452 ge·

113 496 205 540 nere
228 476 253 541 ii
277 498 359 560 quos
383 497 551 560 compares
575 478 751 540 versentur.
796 472 862 557 Ita,
885 477 922 537 ut
944 473 1091 557 exemplo
1115 477 1202 557 utar,
1225 474 1272 538 bi·

111 604 245 648 norum
264 583 406 648 virorum
426 582 619 647 bellatorum
639 585 710 646 uter
729 582 832 646 maior
851 581 1021 664 exst'terit,
1044 581 1166 665 poterit
1185 584 1272 646 recte

115 691 257 775 quaeri:
280 691 362 755 nihil
386 691 470 755 enim
495 690 559 754 nisi
582 712 646 754 una
668 688 827 753 fortitudo
851 691 1031 773 spectatur,
1054 688 1161 753 minus
1185 709 1272 752 com-

117 795 224 861 mode
247 797 445 882 plerumque,
468 818 485 860 e
506 797 590 861 binis
609 796 861 880 imperatoribus
882 795 1006 860 bellicis
1026 799 1097 860 uter
1116 797 1272 879 praestet:

119 903 212 968 alias
237 904 321 967 enim
345 903 571 988 imperatoriae
591 903 678 968 vitae
697 901 842 968 condicio
863 902 1035 967 facultates
1058 907 1185 986 praeter
1208 901 1272 966 for·

119 1010 303 1076 titudinem
326 1011 475 1095 requirit3
504 1011 613 1095 inepte
637 1015 746 1075 autem
770 1014 861 1095 agat,
886 1011 940 1094 qui
964 1010 1015 1074 vel
1038 1030 1150 1094 regum
1173 1009 1271 1074 bono·

124 1138 202 1182 rum
227 1116 279 1182 vel
307 1138 348 1182 ne
371 1117 513 1182 eiusdem
537 1117 665 1202 quidem
690 1116 888 1181 condicionis
912 1116 1082 1181 hominum
1104 1121 1272 1199 praestan-

125 1224 225 1308 tiam,
258 1246 339 1308 quae
367 1224 578 1308 plurimarum
607 1225 750 1309 partium
780 1223 934 1289 societate
962 1222 1158 1306 continetur,
1191 1226 1272 1287 tam—

126 1353 227 1416 quam
251 1332 381 1396 modulo
406 1331 515 1415 aliquo
539 1330 644 1394 metiri
668 1330 821 1395 instituat
843 1351 881 1394 eo
905 1329 1035 1413 quidem
1060 1328 1205 1413 consilio,
1228 1333 1272 1407 ut,

127 1440 239 1503 utrum
267 1439 333 1503 utri
361 1437 537 1522 praeferat,
570 1436 716 1520 deliniat,
750 1436 875 1521 talique
907 1436 941 1500 in
969 1434 1088 1500 iudicio
1118 1437 1209 1520 quasi
1238 1459 1272 1501 re

128 1545 212 1610 bene
235 1550 329 1631 gesta
351 1545 537 1631 acquiescat
556 1547 588 1608 et
606 1543 638 1608 id
659 1541 745 1628 quod
762 1565 815 1608 res
835 1543 879 1607 sit
897 1565 931 1607 se
951 1542 1073 1607 scilicet
1090 1544 1271 1628 repperisse
1285 1564 1333 1604 vu

130 1651 278 1716 laetetur.
310 1649 376 1716 Sua
393 1655 510 1736 sponte
529 1655 665 1736 apparet
682 1673 747 1716 non
765 1651 804 1714 de
823 1650 863 1714 iis
882 1671 942 1715 nos
958 1651 1062 1736 loqui,
1085 1650 1170 1715 inter
1192 1673 1272 1735 qnos

130 1759 222 1824 nulla
244 1759 376 1825 omnino
396 1758 576 1823 similitudo
596 1756 779 1822 intercedit:
802 1778 879 1820 nam
899 1757 971 1840 quis
989 1757 1054 1822 nisi
1073 1758 1157 1822 male
1177 1780 1274 1823 sanus

130 1888 204 1931 cunr
227 1866 403 1930 virtutibus
432 1865 584 1949 opposita
616 1865 662 1928 eis
685 1864 767 1928 vitia
789 1863 985 1947 componat?
1023 1864 1096 1947 quis
1120 1886 1188 1945 eos,
1220 1865 1274 1948 qui

131 1973 213 2058 ipsis
235 1971 393 2036 bonorum
418 1973 643 2057 malorumque
666 1972 784 2036 linibus
810 1970 942 2035 discreti
965 1974 1049 2055 sunt,
1071 1975 1109 2035 ut
1131 1993 1204 2036 cum
1223 1971 1275 2035 Ti·

131 2080 221 2145 berio
250 2080 300 2144 vel
328 2077 479 2163 Caligula
505 2078 615 2144 Titum
646 2079 695 2143 vel
724 2077 900 2143 Traianum
933 2078 1100 2144 conferat?
1145 2077 1276 2162 Verum,

132 2191 168 2253 nt
186 2187 355 2251 mittamus
375 2207 456 2270 quae
476 2189 589 2270 suapte
607 2190 727 2250 natura
745 2185 886 2250 absurda
904 2188 988 2268 sunt,
1012 2206 1077 2250 non
1101 2185 1275 2250 absurdum

133 2292 263 2378 quidem
291 2293 441 2377 dixerim,
473 2293 571 2377 quod¹
586 2294 621 2358 in
644 2293 764 2357 scholis
789 2313 1034 2375 saepenumero,
1067 2291 1276 2377 Philippnsne

134 2423 177 2466 an
200 2399 384 2466 Alexander
407 2404 563 2484 praestet,
587 2401 750 2485 disputare
773 2398 1007 2463 adulescentuli
1030 2398 1196 2463 iubentur:
1220 2398 1275 2463 sed

131 2506 312 2592 probabile,
331 2505 387 2571 sed
405 2507 606 2572 fructuosum
622 2507 725 2571 videri
742 2528 782 2570 ne
802 2505 863 2570 hoc
883 2504 1011 2589 quidem
1026 2510 1149 2590 potest3
1174 2507 1275 2571 multo

131 2615 240 2680 minus
263 2616 382 2697 potest,
405 2613 490 2697 quod
510 2615 641 2678 memini
660 2616 901 2698 praeceptorem
921 2613 1084 2698 ceteroqui
1104 2613 1184 2677 satis
1203 2635 1275 2698 pro-

131 2721 275 2787 babilem
298 2741 485 2804 proponere,
509 2725 546 2785 ut
569 2721 800 2804 exploraretur,
824 2723 932 2784 utrum
951 2742 968 2784 e
990 2720 1186 2785 variolarum
1207 2743 1277 2786 vac·

132 2830 278 2895 cinerum
302 2828 455 2892 insitione
479 2850 520 2892 an
544 2852 561 2893 e
585 2829 809 2893 machinarum
834 2829 965 2913 vaporis
989 2829 1021 2893 vi
1045 2832 1207 2893 motarum
1230 2829 1276 2893 in·

132 2937 284 3002 ventione
307 2936 380 3018 plus
404 2935 557 3000 utilitatis
581 2936 616 2999 in
639 2935 807 3000 hominum
831 2934 932 2999 vitam
955 2934 1175 3000 redundasset.

225 3042 334 3126 Atque
357 3042 435 3107 haec
457 3064 524 3107 nou
548 3042 660 3107 dubito
684 3042 763 3126 quin
786 3041 899 3106 multis
924 3045 1080 3126 vestrum,
1104 3040 1277 3124 auditores,

133 3150 214 3217 satis
239 3149 368 3214 exiliter
391 3148 557 3232 disputare
581 3150 689 3214 videar
711 3153 744 3214 et
766 3148 905 3214 fortasse
928 3150 991 3215 huc
1015 3172 1128 3234 parum
1152 3171 1277 3213 accom-

133 3256 275 3324 modate.
320 3255 365 3320 Et
392 3261 501 3320 tamen
531 3256 642 3320 eadem
672 3256 712 3320 ad
740 3277 798 3319 nos
828 3255 961 3338 propius
991 3278 1088 3339 quam
1116 3256 1277 3340 quispiam

134 3366 230 3447 putet
252 3362 423 3446 pertinent.
467 3361 590 3427 Eorum
615 3363 709 3444 enim,
733 3361 788 3445 qui
812 3360 930 3426 litteris
953 3363 1054 3426 vitam
1079 3366 1112 3426 et
1135 3360 1277 3424 studium

136 3491 230 3534 suum
254 3467 457 3553 dediderunt,
482 3470 736 3554 quotusquisque
760 3472 823 3551 est,
846 3490 980 3552 quaeso,
1003 3469 1081 3552 quin
1105 3466 1277 3553 aliquando

136 3598 229 3641 suam
259 3597 332 3640 cum
356 3577 470 3640 ceteris
494 3575 675 3659 disciplinis
699 3576 747 3639 ita
770 3575 978 3658 compararit,
1010 3578 1047 3638 ut
1069 3596 1161 3639 susm
1184 3574 1277 3640 unice

136 3684 304 3767 probaret,
330 3703 407 3766 prae
437 3704 495 3747 sua
518 3683 659 3766 reliquas
681 3680 866 3746 fastidiret?
913 3680 1004 3757 Quod
1028 3704 1100 3747 cunr
1124 3682 1162 3746 de
1186 3681 1277 3746 disci·

136 3790 236 3874 plinis
259 3789 418 3854 universis
442 3795 511 3855 tum
534 3791 571 3854 de
591 3790 730 3874 singulis
748 3790 897 3876 partibus
917 3787 1038 3853 dictum
1058 3790 1141 3855 volo.
1169 3788 1280 3871 Velut,

138 3900 175 3960 ut
208 3918 225 3961 e
257 3895 338 3960 meis
370 3896 484 3960 studiis
518 3897 700 3980 exemplum
734 3918 900 3980 promam,
932 3895 1003 3978 quis
1036 3917 1099 3959 non
1132 3896 1279 3961 meminit

137 4003 314 4068 acerrimae
341 4002 429 4067 illius
458 4004 771 4088 contentionisque
795 4003 852 4066 alii
876 4003 968 4067 unius
993 4003 1122 4088 linguae
1146 4001 1277 4087 indaga-

136 4111 227 4176 tione
251 4131 361 4174 veram
389 4109 602 4194 philologiam
631 4111 789 4175 contineri
814 4109 965 4174 arbitrati
990 4131 1044 4174 eos
1069 4109 1279 4193 despicerent,

139 4217 194 4302 qui
214 4218 355 4301 positam
374 4238 444 4281 esse
463 4217 496 4280 in
516 4239 621 4281 rerum
645 4216 852 4300 potissimum
870 4215 1065 4280 tractatione
1083 4213 1279 4299 dictitarent,
