2962 5032
506 333 772 382 nncuonrronrs
796 332 1003 381 calumnier.
1265 314 1330 379 463

185 498 333 564 respuere
357 479 464 544 solent
487 482 556 543 tum
580 479 684 543 multo
708 477 813 562 magis
833 500 889 543 eae
909 500 990 562 quae
1010 477 1242 561 paenultimam
1262 477 1330 540 lon·

183 607 256 670 gam
280 587 413 652 habent.
448 585 511 650 Vel
534 608 581 669 eo,
605 585 690 670 quod
713 586 791 650 talis
815 590 965 651 accentus
989 586 1022 647 in
1046 588 1197 669 quartum
1216 583 1329 667 pedem

178 693 351 758 incasurus
383 693 442 776 sit,
480 693 560 757 satis
595 695 745 776 suspecta
778 693 1034 776 septenariorum
1073 692 1152 756 haec
1185 689 1331 773 exempla

176 806 258 865 sunt
281 800 371 865 Trin.
395 800 470 863 306.
497 799 590 864 1016.
614 798 682 864 Mil.
707 798 748 883 ΙΙ,
771 800 801 877 2,
827 801 882 863 71:

269 917 388 1006 lltrum
413 943 499 1006 itane
523 964 593 1006 esse
617 941 759 1024 mucela,
783 946 820 1006 ut
843 965 914 1006 eum
941 943 1068 1006 animus
1093 964 1229 1025 aequom
1259 924 1355 1005 ce‘ns

982 1053 1067 1114 seat:

270 1154 465 1241 Gurguliost
493 1157 653 1240 eoelum,
681 1157 709 1220 is
733 1155 819 1220 huno
841 1155 1007 1220 hdminem
1032 1156 1198 1220 cursuram
1222 1156 1329 1221 docet:

270 1263 398 1348 Repeti,
420 1264 654 1345 cominiuiscere',
679 1261 756 1326 cedo
780 1262 920 1325 calidum
944 1262 1115 1325 consilium
1140 1263 1218 1326 cito:

162 1389 303 1473 quibus
327 1389 471 1452 senarius
496 1387 618 1452 aceedit
641 1385 710 1451 Mil.
733 1386 758 1469 l,
784 1389 811 1469 1,
834 1387 891 1451 27:

277 1512 360 1589 Quid
383 1511 593 1576 bracchium?
625 1510 709 1575 Illud
731 1513 833 1575 dicere
852 1509 950 1594 uolui,
974 1510 1088 1576 femur.

171 1638 329 1715 Quorum
361 1639 468 1721 primo
500 1661 559 1722 pro
593 1636 712 1702 cretico
742 1659 812 1701 esse
844 1658 939 1720 posse
968 1637 1109 1715 retundit,
1140 1639 1243 1703 altero
1271 1663 1329 1724 pro

166 1745 313 1829 epitrito
336 1746 483 1810 exercitur
506 1767 605 1829 supra
627 1744 768 1809 vidimus
792 1767 822 1828 p.
842 1761 1000 1808 cnxxxm
1024 1744 1118 1827 [423]
1142 1748 1175 1807 et
1199 1761 1330 1810 cnxxlv

179 1852 295 1935 [416]:
322 1853 419 1916 tertio
452 1852 505 1917 vix
531 1852 743 1917 dubitandum
775 1850 854 1934 quin
884 1851 1010 1934 syllaba
1042 1851 1209 1935 exciderit,
1241 1853 1331 1919 velut

173 1959 414 2038 comminiscere,
432 1959 501 2023 cello
515 1960 559 2023 seb
580 1958 715 2022 cdl-idion
738 1979 761 2022 c.
775 1979 813 2040 c.;
832 1956 870 2022 de
891 1961 1016 2041 quarto,
1041 1958 1095 2041 qui
1113 1959 1211 2025 etiam
1232 1962 1329 2025 aliam

182 2067 223 2130 ub
250 2088 397 2131 caussam
421 2069 604 2151 suspectus,
627 2088 712 2129 nunc
735 2065 923 2149 amplianda
946 2065 1171 2152 disputatio.*)
1218 2065 1330 2132 Simile

183 2175 364 2258 exemplum
387 2175 492 2238 aeede'c‘t
517 2173 605 2237 bodie
632 2173 727 2236 aliter
750 2173 955 2256 interpretati
980 2195 1092 2238 sumus
1116 2196 1145 2257 p.
1170 2190 1329 2239 cnxxmn

184 2281 286 2364 [424].
319 2281 460 2346 Facilius
480 2280 578 2344 etium
598 2280 737 2344 sentitur
756 2301 812 2343 cur
830 2279 912 2343 talia
930 2280 1075 2364 fugerint
1097 2285 1212 2365 poetae
1236 2281 1330 2365 qtiale

183 2395 232 2453 est
254 2391 400 2454 ιῖέεονανέ
417 2389 503 2452 reolo·
527 2388 643 2471 quibus
666 2390 776 2450 tamen
800 2407 863 2449 non
888 2385 1117 2451 conferendum
1136 2388 1220 2471 quod
1241 2388 1329 2452 Trin.
1356 2383 1361 2391 ’

185 2497 249 2562 320
273 2500 393 2561 exstat:

271 2637 442 2718 Benesuctd
465 2635 643 2701 benefactis
667 2636 739 2700 eliis
784 2688 790 2699 .
811 2730 813 2734 Α
851 2688 1284 2720 ........

184 2782 232 2845 vel
267 2780 369 2845 sicubi
401 2778 565 2843 mdlcdictci
597 2778 790 2862 reperiatur:
824 2800 896 2842 cum
925 2778 1004 2843 baec
1034 2779 1146 2844 eodem
1173 2781 1242 2844 iure
1271 2803 1329 2864 pro

185 2887 256 2952 teuc
276 2887 371 2969 sacta,
393 2886 475 2950 ocule
496 2887 578 2949 flictu
603 2886 705 2969 accipi
728 2884 864 2968 possint.
910 2883 971 2949 Sed
999 2887 1034 2950 in
1056 2885 1162 2951 Milite
1186 2888 1329 2970 glorioso

183 3015 241 3058 nec
274 2992 474 3056 Raecinclels
505 2993 605 3073 aliqui
637 3014 752 3056 sanum
785 2990 914 3074 estIV,
938 2993 1277 3079 4,45**),ne0111,
1303 2999 1330 3078 1,

187 3097 324 3184 106***)
347 3098 403 3162 Me
425 3100 524 3163 tiaorc'
536 3099 716 3180 probibent:
745 3099 830 3183 quod
858 3121 922 3162 non
952 3100 985 3163 in
1008 3101 1086 3165 Me‘cl
1111 3123 1207 3167 uxore
1223 3102 1330 3184 puelli-

184 3208 252 3273 bent
274 3206 465 3271 mutandum
489 3205 625 3290 videtur,
648 3205 704 3269 sed
728 3206 967 3290 transponendo
991 3209 1249 3294 perpoliendum:

272 3349 325 3414 Me'
348 3348 526 3434 probibent
549 3351 656 3427 unire,
679 3347 760 3414 mihi
785 3371 866 3433 quae
890 3351 985 3415 huius
1003 3404 1276 3416 .....
1344 3384 1446 3425 ccxxx

184 3492 369 3558 Monstrum
398 3494 506 3557 autem
535 3490 694 3574 quoddam
723 3513 833 3556 versus
863 3492 945 3556 aluit
972 3495 1027 3576 qui
1059 3494 1092 3557 in
1123 3493 1329 3557 librariorum

186 3600 282 3665 tidem
305 3599 416 3665 iurans
441 3599 487 3662 sic
510 3597 610 3662 edidit
634 3597 721 3662 Trin.
748 3599 823 3662 150:

274 3739 476 3806 Thesarirum
500 3740 580 3805 mibi
603 3740 826 3805 demdmtruait
848 3740 882 3803 in
904 3741 993 3805 hisce
1017 3740 1159 3807 addibus.

177 3938 180 3943 .
267 3882 277 3897 ⁴
339 3882 443 3969 igitur
464 3905 550 3948 nune
573 3883 713 3968 perspici
735 3883 948 3965 arbitramur,
971 3905 1027 3948 cur
1045 3906 1075 3967 p.
1090 3901 1220 3948 ccxxxl
1236 3884 1329 3965 [422]

166 3986 170 3993 '
199 3984 217 3995 ⁰
240 3982 245 3993 ’
262 3988 273 4007 “
365 3988 540 4069 dixmimus
554 3990 670 4055 horum
685 3995 850 4056 accentum
864 3990 994 4055 addicite·
1007 3990 1208 4073 Apurdstocli,
1223 3993 1250 4055 si
1265 4014 1330 4055 non

345 4086 349 4107 ³
415 4096 499 4189 ‘ned
520 4118 580 4183 pro
603 4097 839 4182 palimbacchio
859 4098 904 4164 sit
925 4098 1065 4164 ddda'eur.
1102 4096 1223 4163 Contra
1242 4121 1327 4182 pror·
