2962 5032
660 347 814 398 Annine
1241 328 1306 394 765

165 494 220 580 qui
244 496 326 559 talia
349 495 470 579 legunt,
494 493 613 559 iudicio
636 497 806 578 proponat.
838 492 976 559 Videtur
998 491 1061 558 hoc
1083 516 1103 557 a
1127 491 1305 557 maioribus

165 602 210 666 sic
239 602 425 666 institutum
454 622 538 685 esse,
571 622 635 665 non
664 604 731 664 tam
759 604 796 665 ut
825 600 975 684 cuiquam
1005 603 1152 664 nostrum
1182 597 1305 684 ingenii

164 708 360 798 exercitandi
384 708 509 773 occasio
534 707 751 790 praeberetur,
775 729 813 771 ea
837 706 923 771 enim
946 706 1134 771 hominibus
1153 705 1305 770 eruditio·

164 814 254 880 ribus
277 837 344 880 non
367 815 461 879 facile
485 814 590 898 deest,
617 835 677 878 nec
706 818 743 878 ut
770 813 887 898 aliquis
911 813 951 877 ad
975 813 1180 898 quaestiones
1203 833 1305 876 novas

164 925 262 1007 atque
281 922 512 986 reconditiores
529 920 745 985 instituendas
761 921 987 1005 instigaretur,
1005 920 1097 985 nullo
1117 920 1203 983 enim
1222 919 1306 981 eius·

166 1029 254 1092 modi
278 1029 488 1093 incitamento
513 1049 593 1110 opus
613 1032 663 1091 est
682 1027 738 1111 eis,
761 1027 817 1111 qui
836 1027 869 1091 in
888 1027 969 1111 ipsis
989 1026 1108 1090 litteris
1128 1027 1307 1108 versantur,

167 1135 225 1198 sed
255 1140 291 1199 ut
319 1133 538 1200 adolescentes
568 1133 750 1197 litterarum
780 1132 919 1197 studiosi
949 1131 1010 1197 hoo
1042 1132 1189 1215 exemplo
1211 1131 1306 1215 quasi

167 1240 305 1323 quodam
326 1241 458 1304 stimulo
479 1240 518 1304 ad
537 1240 714 1304 certamina
732 1239 883 1324 gnaviter
901 1236 1068 1302 subeunda
1086 1238 1307 1302 incitarentur.

166 1346 238 1411 Hoc
262 1368 338 1411 vero
362 1369 448 1411 anno
472 1347 594 1411 edenda
617 1346 680 1410 fuit
703 1345 917 1410 certaminum
940 1344 1076 1410 indictio
1099 1345 1187 1410 nuda
1205 1344 1306 1410 omni·

166 1475 229 1536 que
253 1453 445 1518 eruditionis
469 1457 585 1517 ornatu
607 1474 718 1517 vacua.
765 1449 902 1535 Collega
925 1451 1009 1515 enim
1033 1452 1238 1517 doctissimus
1262 1455 1307 1516 at

167 1582 229 1644 que
261 1559 529 1643 humanissimus,
562 1559 616 1643 qui
651 1557 737 1641 apud
766 1579 826 1622 nos
858 1559 1143 1642 programmatarii
1175 1579 1307 1623 munere

167 1666 322 1750 iungitur,
346 1664 527 1730 Ludovicus
552 1665 695 1749 Longius
719 1686 739 1727 a
761 1663 861 1747 febre,
883 1685 980 1748 quam
1004 1665 1038 1728 in
1056 1665 1172 1729 itinere
1190 1663 1306 1730 Italico

165 1794 224 1856 per
252 1772 350 1837 ferias
378 1773 581 1837 autumnales
611 1774 760 1856 suscepto
789 1770 851 1835 sibi
881 1771 1056 1854 contraxit,
1089 1771 1233 1837 nondum
1261 1771 1308 1836 ita

167 1879 356 1963 revaluerat,
380 1883 417 1943 nt
441 1902 479 1944 ex
498 1878 688 1962 multiplicis
707 1900 772 1962 qua
790 1881 924 1942 ornatus
943 1881 993 1941 est
1011 1879 1203 1944 eruditionis
1223 1899 1307 1961 penu

168 1985 290 2070 aliquid
313 2008 507 2070 praeparare
531 1990 563 2050 et
587 1986 621 2049 in
643 1985 810 2069 publicum
833 1984 926 2048 edere
950 1988 1068 2067 posset

254 2091 345 2156 Nihil
369 2093 470 2178 igitur
494 2095 608 2174 restat,
630 2091 693 2154 nisi
718 2095 754 2155 ut
779 2091 891 2154 statim
916 2090 957 2154 ad
981 2112 1051 2155 eam
1074 2112 1144 2154 rem
1166 2094 1308 2156 transea-

166 2222 247 2283 mus,
270 2221 350 2299 quae
374 2199 492 2283 agitur.

688 2325 842 2332 --.-----—-

714 2448 763 2512 11.

459 2589 683 2675 Erkldrung
711 2589 776 2653 der
803 2588 1017 2654 Reduction

376 2693 434 2782 (im
458 2696 572 2761 Rhein.
595 2695 744 2761 Museum
768 2694 825 2760 Bd.
848 2694 997 2782 XVILp.
1016 2690 1106 2780 328).

256 2839 296 2903 In
319 2839 421 2924 Folge
444 2839 532 2904 eines
557 2838 614 2903 das
638 2837 874 2902 Rheinische
897 2836 1067 2901 Museum
1091 2837 1307 2902 betreffendcn

169 2945 478 3032 Zeitungsartikels,
505 2945 561 3009 der
586 2968 643 3011 aus
668 2945 772 3009 einem
795 2942 1045 3009 Pommerschen
1070 2942 1176 3027 Blatt,
1208 2944 1310 3008 worin

169 3077 203 3119 er
230 3076 363 3119 unseres
386 3053 534 3118 Wissens
563 3055 670 3117 zuerst
697 3051 858 3135 erschien,
886 3052 920 3115 in
943 3049 1169 3114 verschiedene
1192 3051 1308 3115 andere

169 3160 421 3246 iibergegangen
448 3160 504 3242 ist,
538 3159 610 3224 sind
639 3158 694 3222 der
722 3158 902 3223 Redaction
929 3156 1115 3225 mehrfache
1143 3156 1309 3241 Anfragen

171 3268 249 3332 iiber
279 3267 336 3331 das
365 3265 602 3331 Fortbestehen
633 3265 710 3330 oder
739 3264 981 3330 vermeintliche
1008 3264 1177 3350 Eingehen
1207 3264 1310 3329 dieser

169 3372 356 3438 Zeitschrift
383 3373 629 3458 zugekommen,
663 3355 715 3437 die
743 3393 804 3436 uns
833 3396 871 3437 zu
894 3371 1149 3437 nachstehender
1173 3370 1309 3437 Aufile-

169 3501 252 3564 rung
276 3480 495 3565 verpflichten.

258 3587 304 3652 Es
321 3588 366 3652 ist
382 3587 511 3673 richtig,
532 3587 606 3652 dass
628 3588 698 3652 dem
715 3585 933 3651 Rheinischen
947 3585 1094 3650 Museum
1110 3585 1180 3648 eine
1194 3581 1310 3648 Unter·

170 3699 322 3778 stiitzimg
345 3717 402 3758 aus
427 3692 676 3779 Staatsmitteln,
700 3694 750 3759 die
774 3694 841 3757 ihm
865 3694 928 3758 seit
945 3693 976 3758 N
982 3689 1145 3756 iebuhr's
1170 3691 1232 3754 und
1254 3691 1309 3754 des

169 3799 334 3866 Ministers
363 3824 436 3866 von
460 3802 684 3866 Altenstein
712 3800 823 3865 Zeiten
848 3804 943 3863 unter
972 3799 1057 3862 allen
1086 3797 1309 3880 preussischen

170 3909 374 3973 Ministerien
398 3906 662 3993 ungeschmiilert
685 3907 856 3993 geblieben
876 3929 951 3989 war,
975 3906 1037 3970 seit
1051 3904 1182 3989 Anfang
1206 3905 1310 3967 dieses

169 4016 288 4080 Jahres
303 4015 402 4079 durch
420 4014 480 4079 den
490 4014 598 4080 Herrn
608 4012 950 4079 Staatsministervon
966 4010 1309 4077 Bethmann·Holl·

171 4144 250 4207 weg
273 4143 386 4206 wegen
410 4121 619 4205 mangelnder
637 4120 745 4185 Fonds
765 4121 914 4184 insoweit
932 4124 1090 4203 entzogen
1110 4120 1239 4184 worden
1259 4119 1311 4202 ist,

169 4231 243 4294 dass
267 4231 319 4294 die
343 4229 467 4293 Anzahl
496 4251 560 4294 von
583 4227 812 4312 Exemplaren,
841 4227 893 4290 die
920 4227 971 4290 bis
995 4226 1092 4290 dahin
1117 4225 1230 4290 behufs
1255 4226 1311 4290 der

171 4337 389 4420 Vertheilung
417 4357 459 4400 an
487 4334 690 4419 preussische
714 4333 912 4418 Gymnasien
936 4356 1008 4396 zum
1035 4333 1166 4397 Ankauf
1184 4333 1311 4417 kamen,

171 4445 227 4508 auf
238 4443 273 4530 Ἄ
286 4445 515 4528 herabgesetzt
529 4443 648 4508 wurde.
674 4441 720 4507 Es
739 4443 783 4507 iat
802 4442 882 4507 anch
902 4441 1031 4528 richtig,
1051 4441 1125 4506 dass
1144 4463 1205 4506 uns
1223 4440 1311 4505 diese
