2962 5032
165 264 231 332 418
453 281 713 332 eaonnoouava
736 283 783 330 nn
806 273 1015 332 sartoribus

167 432 276 492 autern
299 426 398 492 fuisse
422 448 457 492 cr
480 428 625 512 syllabae
648 428 817 512 rationem,
841 449 944 512 aqua
962 427 1046 491 fiunt
1064 426 1173 510 legabis
1191 425 1319 510 leyltur,

167 556 205 600 eo
232 533 339 599 minus
368 534 518 600 credibile
546 540 611 618 est,
645 557 709 619 quo
733 534 875 620 apertius
899 537 949 599 est
971 533 1006 597 in
1030 531 1109 597 illud
1132 534 1246 618 ipsum
1272 533 1320 598 in·

167 642 279 726 genita
301 622 410 706 indole
432 641 569 706 latinam
592 642 740 726 linguam
763 641 1004 723 inclinassent
1027 661 1046 702 r
1067 639 1179 705 littera
1202 639 1319 704 finitas

167 747 310 830 syllabas
335 745 415 833 (non
439 748 545 812 minus
570 771 668 832 quam
687 754 699 811 t
716 748 827 813 littera
848 744 969 833 finitas)
989 768 1102 812 omnes
1121 747 1319 831 corriperet:

166 875 242 918 nam
266 854 341 919 hinc
365 854 494 920 demum
517 854 711 940 perspicitur
735 854 790 939 qui
813 853 945 919 tandem
968 853 1091 919 factum
1114 855 1160 918 sit
1183 858 1224 918 ut
1244 876 1319 938 pro-

167 960 281 1026 ductus
311 963 562 1028 masculinorum
590 962 810 1027 nominativus
838 966 942 1026 motor
971 960 1143 1046 paullatim
1173 961 1210 1026 in
1241 983 1319 1026 con-

168 1072 309 1133 stantem
337 1069 530 1153 eorripiendi
558 1067 821 1133 consuetudinem
846 1067 959 1132 abiret
1004 1067 1094 1152 Ergo
1118 1088 1193 1132 cum
1219 1068 1322 1133 liceat

167 1196 243 1239 sane
267 1175 353 1239 idem
376 1174 410 1239 in
434 1173 508 1239 aliis
531 1195 658 1258 quoque
681 1173 805 1239 factum
829 1173 995 1258 suspicari,
1017 1177 1128 1238 tamon
1150 1174 1319 1240 rationem

166 1281 200 1345 in
229 1285 382 1366 promptu
411 1302 482 1346 essa
513 1281 628 1346 debere
658 1281 817 1365 pristinae
847 1279 1070 1365 productionis
1099 1280 1318 1366 intellegitur,

165 1388 230 1452 nisi
253 1387 411 1454 alucinari
434 1388 542 1472 potius
567 1409 664 1472 quam
688 1387 880 1471 persuadere
904 1386 993 1451 velis.
1032 1385 1317 1462 Quemadmodum

166 1495 267 1581 igitur
295 1497 334 1561 de
357 1495 523 1580 productis
552 1495 629 1561 olim
653 1501 698 1560 ter
718 1501 827 1577 φαιὰν
848 1499 993 1576 quattuor
1014 1494 1144 1574 feliciter
1168 1500 1204 1560 et
1228 1495 1316 1561 simi·

166 1603 254 1667 libus
281 1625 376 1669 nemo
405 1602 575 1687 cogitabit,
607 1603 654 1666 ita
681 1624 740 1667 neo
768 1602 873 1682 loquor·
899 1601 950 1664 vel
973 1605 1066 1682 puter
1093 1600 1192 1666 facile
1216 1600 1313 1668 fidem

166 1709 337 1773 inventura
361 1709 436 1774 sint.
482 1709 534 1773 An
553 1730 675 1792 pauper
697 1730 834 1793 quoque,
857 1709 946 1772 ouius
970 1711 1020 1772 est
1043 1709 1214 1793 genetivus
1234 1731 1311 1791 pou-

161 1816 255 1898 pbis,
279 1814 399 1880 Bothio
422 1815 587 1883 credemus
612 1814 789 1899 spondeum
813 1814 939 1878 efficere
962 1813 1045 1878 Men.
1064 1813 1121 1898 IV,
1141 1815 1170 1897 2,
1186 1815 1232 1879 8?
1257 1818 1309 1899 qui

167 1943 277 1986 versus
301 1921 426 2006 pridem
449 1921 596 1986 immisso
619 1924 648 1987 is
671 1926 803 1986 sanatus
827 1924 888 1985 est:

256 2062 290 2128 si
313 2064 342 2127 is
366 2066 415 2128 est
437 2085 560 2148 pauper
583 2064 680 2148 aitque
702 2062 787 2128 haud
813 2063 927 2145 mahts,
950 2085 1090 2147 nequam
1113 2062 1266 2128 habe'tur:

167 2204 218 2268 vel
240 2205 360 2269 circiter
387 2210 462 2271 ante
490 2207 636 2271 vocalem
659 2228 718 2290 pro
743 2205 862 2270 cretico
885 2205 1029 2289 positum
1054 2201 1134 2270 cisa
1157 2204 1215 2289 IV,
1239 2207 1309 2289 2,8

166 2313 201 2376 in
231 2312 278 2376 eis
309 2313 469 2395 versibus,
499 2334 635 2396 quorum
663 2333 721 2376 nec
753 2332 938 2376 mensuram
965 2333 1025 2375 nec
1052 2333 1205 2377 numeros
1230 2313 1311 2396 quis·

168 2440 265 2503 quam
290 2418 483 2504 explicarit?
507 2420 561 2502 qui
586 2418 715 2503 quidem
740 2417 989 2483 concitatissimi
1008 2421 1084 2483 sunt
1104 2417 1311 2502 anapaestici,

168 2526 214 2589 sic
237 2525 303 2590 fere
327 2525 539 2591 describendi:

35 2688 167 2729 onxxvn
234 2667 309 2733 Nisi
333 2666 410 2751 quid
434 2667 478 2730 mi
502 2667 573 2751 opis
596 2667 628 2730 di
653 2667 738 2750 dant,
761 2665 906 2751 disperii:
931 2688 1033 2750 neque
1052 2667 1136 2731 unde
1156 2668 1309 2732 auxilium

912 2777 1061 2857 expetam
1087 2795 1148 2859 ego
1172 2773 1285 2838 habeo.

235 2881 286 2944 lta
318 2880 498 2964 petulantia
530 2881 683 2944 miseram
716 2880 815 2943 habet
846 2881 959 2944 animi:
997 2902 1079 2962 quac
1112 2881 1146 2944 in
1177 2882 1305 2965 tergum

912 3008 1017 3050 meum
1042 3008 1083 3050 ne
1107 2986 1227 3068 ueniat,

234 3092 319 3155 Male
352 3093 503 3175 formido,
537 3093 564 3155 si
595 3115 650 3156 era
681 3094 834 3157 resciscat
863 3098 930 3157 tam
963 3094 1128 3157 socordem
1160 3114 1231 3156 esse
1262 3115 1310 3156 me

913 3201 1008 3283 quam
1033 3222 1112 3264 sunl.

235 3304 339 3381 Quam
362 3306 396 3369 in
419 3305 567 3370 manibus
596 3307 685 3371 tenui
710 3310 806 3391 atque
830 3307 955 3388 accepi·
980 3307 1033 3370 hic
1057 3308 1131 3370 ante
1156 3306 1246 3370 aedis
1269 3307 1309 3371 ci·

914 3413 1050 3495 stellam,

236 3520 300 3584 Vbi
324 3521 402 3603 east,
426 3520 548 3585 nescio:
572 3520 644 3603 nisi,
667 3524 704 3583 ut
728 3521 788 3604 e‘go
813 3519 938 3602 opinor,
961 3520 1034 3583 loca
1056 3521 1176 3583 cleriter
1195 3520 1312 3584 excidit

913 3625 1069 3691 haesuri.

170 3732 275 3799 Multo
298 3734 404 3798 minus
428 3733 586 3818 producta
609 3733 723 3797 ultima
746 3734 842 3814 ipitur
865 3731 1061 3795 afferendum
1086 3736 1156 3797 erat
1178 3754 1217 3796 ex
1239 3732 1311 3796 Am·

169 3840 352 3926 phitruonis
384 3841 445 3926 (ll,
468 3843 497 3922 2,
521 3838 579 3925 87)
611 3862 648 3904 eo
678 3840 765 3921 loco,
798 3840 831 3902 in
860 3861 924 3922 quo
952 3861 1108 3922 personae
1133 3844 1311 3904 mutantur:

169 3948 221 4012 vel
249 3949 362 4013 dicitur
389 3970 406 4010 e
434 3948 540 4012 medio
569 3947 752 4029 septenario
780 3946 921 4009 iambico
951 3947 1042 4009 Asin.
1066 3945 1112 4029 ΙΙ,
1136 3948 1166 4029 3,
1189 3948 1225 4011 2:
1263 3947 1311 4011 vel

169 4057 274 4137 coitur
297 4077 314 4118 e
339 4052 440 4118 Stichi
458 4053 515 4135 IV,
542 4056 568 4136 l,
593 4054 644 4135 23,
668 4054 723 4117 ubi
747 4054 779 4116 in
803 4053 959 4118 trochaici
982 4054 1077 4119 initio
1103 4055 1186 4134 Quid
1207 4056 1311 4137 apiae

170 4162 341 4243 Epipausa
363 4182 437 4243 non,
461 4160 546 4242 quod
566 4158 700 4244 Liugius
725 4159 802 4223 dicit
826 4159 864 4222 de
887 4159 979 4223 hiatu
999 4183 1028 4242 p.
1044 4160 1086 4224 48
1107 4159 1177 4245 (qui
1197 4161 1231 4224 in
1251 4161 1310 4224 hac

171 4269 259 4332 omui
283 4290 399 4332 caussa
421 4266 503 4330 nihil
527 4265 664 4350 profecit
688 4263 912 4351 disputando),
941 4267 1110 4348 productio
1135 4269 1310 4331 excusatio-

171 4397 245 4437 nem
269 4397 288 4438 a
311 4375 464 4458 contiguo
487 4372 618 4438 nomine
641 4373 771 4456 proprio
795 4373 904 4456 habet,
929 4395 1009 4456 quae
1034 4373 1198 4439 excusatio
1223 4373 1312 4438 nulla
