<?xml version="1.0" encoding="UTF-8"?>
<!DOCTYPE html PUBLIC "-//W3C//DTD XHTML 1.0 Transitional//EN"
    "http://www.w3.org/TR/xhtml1/DTD/xhtml1-transitional.dtd">
<html xmlns="http://www.w3.org/1999/xhtml" xml:lang="en" lang="en">
 <head>
  <title>
</title>
<meta http-equiv="Content-Type" content="text/html;charset=utf-8" />
  <meta name='ocr-system' content='tesseract 3.04.00' />
  <meta name='ocr-capabilities' content='ocr_page ocr_carea ocr_par ocr_line ocrx_word'/>
</head>
<body>
  <div class='ocr_page' id='page_1' title='image "./fridericiritsch02wachgoog_0676.png"; bbox 0 0 2962 5032; ppageno 0'>
   <div class='ocr_carea' id='block_1_1' title="bbox 551 106 1309 175">
    <p class='ocr_par' dir='ltr' id='par_1_1' title="bbox 551 106 1309 175">
     <span class='ocr_line' id='line_1_1' title="bbox 551 106 1309 175; baseline -0.008 0"><span class='ocrx_word' id='word_1_1' title='bbox 551 127 784 175; x_wconf 76' lang='lat' dir='ltr'>aaramrscrra</span> <span class='ocrx_word' id='word_1_2' title='bbox 809 126 938 174; x_wconf 77' lang='lat' dir='ltr'>aaran.</span> <span class='ocrx_word' id='word_1_3' title='bbox 1246 106 1309 169; x_wconf 75' lang='lat'>657</span> 
     </span>
    </p>
   </div>
   <div class='ocr_carea' id='block_1_2' title="bbox 159 266 1362 4197">
    <p class='ocr_par' dir='ltr' id='par_1_2' title="bbox 159 266 1362 4197">
     <span class='ocr_line' id='line_1_2' title="bbox 166 266 1311 355; baseline -0.007 -20"><span class='ocrx_word' id='word_1_4' title='bbox 166 270 291 355; x_wconf 82' lang='lat' dir='ltr'>ingenii</span> <span class='ocrx_word' id='word_1_5' title='bbox 305 270 474 335; x_wconf 86' lang='lat' dir='ltr'>notionem</span> <span class='ocrx_word' id='word_1_6' title='bbox 493 271 606 335; x_wconf 89' lang='lat' dir='ltr'>societ:</span> <span class='ocrx_word' id='word_1_7' title='bbox 626 270 753 355; x_wconf 90' lang='lat' dir='ltr'>quando</span> <span class='ocrx_word' id='word_1_8' title='bbox 773 269 959 351; x_wconf 88' lang='lat' dir='ltr'>divinum,</span> <span class='ocrx_word' id='word_1_9' title='bbox 977 267 1131 353; x_wconf 91' lang='lat' dir='ltr'>quicquid</span> <span class='ocrx_word' id='word_1_10' title='bbox 1149 266 1311 330; x_wconf 84' lang='lat' dir='ltr'><strong>humanae</strong></span> 
     </span>
     <span class='ocr_line' id='line_1_3' title="bbox 164 373 1311 461; baseline -0.003 -20"><span class='ocrx_word' id='word_1_11' title='bbox 164 376 299 442; x_wconf 88' lang='lat' dir='ltr'>modum</span> <span class='ocrx_word' id='word_1_12' title='bbox 329 380 467 442; x_wconf 87' lang='lat' dir='ltr'>naturae</span> <span class='ocrx_word' id='word_1_13' title='bbox 501 377 581 441; x_wconf 86' lang='lat' dir='ltr'>adeo</span> <span class='ocrx_word' id='word_1_14' title='bbox 612 377 751 460; x_wconf 79' lang='lat' dir='ltr'>excedit,</span> <span class='ocrx_word' id='word_1_15' title='bbox 783 381 820 441; x_wconf 91' lang='lat' dir='ltr'>ut</span> <span class='ocrx_word' id='word_1_16' title='bbox 851 382 1018 461; x_wconf 89' lang='lat' dir='ltr'>tamquam</span> <span class='ocrx_word' id='word_1_17' title='bbox 1050 373 1311 459; x_wconf 88' lang='lat' dir='ltr'>exsplendescere</span> 
     </span>
     <span class='ocr_line' id='line_1_4' title="bbox 165 482 1311 568; baseline -0.005 -20"><span class='ocrx_word' id='word_1_18' title='bbox 165 505 267 568; x_wconf 89' lang='lat' dir='ltr'>supra</span> <span class='ocrx_word' id='word_1_19' title='bbox 303 504 404 568; x_wconf 84' lang='lat' dir='ltr'>genus</span> <span class='ocrx_word' id='word_1_20' title='bbox 441 484 629 548; x_wconf 78' lang='lat' dir='ltr'><strong>mortalium</strong></span> <span class='ocrx_word' id='word_1_21' title='bbox 665 483 829 566; x_wconf 88' lang='lat' dir='ltr'>videatur,</span> <span class='ocrx_word' id='word_1_22' title='bbox 865 505 932 548; x_wconf 91' lang='lat' dir='ltr'>non</span> <span class='ocrx_word' id='word_1_23' title='bbox 967 482 1133 548; x_wconf 88' lang='lat' dir='ltr'>immerito</span> <span class='ocrx_word' id='word_1_24' title='bbox 1165 484 1311 545; x_wconf 85' lang='lat' dir='ltr'>veterum</span> 
     </span>
     <span class='ocr_line' id='line_1_5' title="bbox 164 586 1311 675; baseline -0.004 -21"><span class='ocrx_word' id='word_1_25' title='bbox 164 590 312 673; x_wconf 84' lang='lat' dir='ltr'>exemplo</span> <span class='ocrx_word' id='word_1_26' title='bbox 344 590 570 674; x_wconf 73' lang='lat' dir='ltr'>appellaveris.</span> <span class='ocrx_word' id='word_1_27' title='bbox 625 590 669 655; x_wconf 81' lang='lat' dir='ltr'>Et</span> <span class='ocrx_word' id='word_1_28' title='bbox 706 591 800 656; x_wconf 90' lang='lat' dir='ltr'>huius</span> <span class='ocrx_word' id='word_1_29' title='bbox 837 591 967 675; x_wconf 90' lang='lat' dir='ltr'>quidem</span> <span class='ocrx_word' id='word_1_30' title='bbox 1000 590 1171 654; x_wconf 85' lang='lat' dir='ltr'>veritatem</span> <span class='ocrx_word' id='word_1_31' title='bbox 1202 586 1311 651; x_wconf 90' lang='lat' dir='ltr'>iudicii</span> 
     </span>
     <span class='ocr_line' id='line_1_6' title="bbox 164 691 1311 781; baseline -0.005 -20"><span class='ocrx_word' id='word_1_32' title='bbox 164 718 240 761; x_wconf 90' lang='lat' dir='ltr'>cum</span> <span class='ocrx_word' id='word_1_33' title='bbox 268 701 301 761; x_wconf 89' lang='lat' dir='ltr'>et</span> <span class='ocrx_word' id='word_1_34' title='bbox 326 696 461 781; x_wconf 81' lang='lat' dir='ltr'>longum</span> <span class='ocrx_word' id='word_1_35' title='bbox 489 697 533 761; x_wconf 91' lang='lat' dir='ltr'>sit</span> <span class='ocrx_word' id='word_1_36' title='bbox 561 701 594 761; x_wconf 89' lang='lat' dir='ltr'>et</span> <span class='ocrx_word' id='word_1_37' title='bbox 622 697 751 762; x_wconf 85' lang='lat' dir='ltr'>difficile</span> <span class='ocrx_word' id='word_1_38' title='bbox 779 699 827 763; x_wconf 91' lang='lat' dir='ltr'>ita</span> <span class='ocrx_word' id='word_1_39' title='bbox 850 698 1061 781; x_wconf 91' lang='lat' dir='ltr'>comprobare</span> <span class='ocrx_word' id='word_1_40' title='bbox 1068 747 1077 780; x_wconf 93' lang='lat'>,</span> <span class='ocrx_word' id='word_1_41' title='bbox 1103 699 1140 759; x_wconf 92' lang='lat' dir='ltr'>ut</span> <span class='ocrx_word' id='word_1_42' title='bbox 1162 698 1221 758; x_wconf 89' lang='lat' dir='ltr'>aut</span> <span class='ocrx_word' id='word_1_43' title='bbox 1244 691 1311 756; x_wconf 91' lang='lat' dir='ltr'>uni·</span> 
     </span>
     <span class='ocr_line' id='line_1_7' title="bbox 164 803 1311 888; baseline -0.007 -20"><span class='ocrx_word' id='word_1_44' title='bbox 164 824 295 868; x_wconf 80' lang='lat' dir='ltr'>versam</span> <span class='ocrx_word' id='word_1_45' title='bbox 312 803 414 869; x_wconf 82' lang='lat' dir='ltr'>vitam</span> <span class='ocrx_word' id='word_1_46' title='bbox 434 825 580 869; x_wconf 83' lang='lat' dir='ltr'>enarrem</span> <span class='ocrx_word' id='word_1_47' title='bbox 601 807 657 868; x_wconf 91' lang='lat' dir='ltr'>aut</span> <span class='ocrx_word' id='word_1_48' title='bbox 676 804 822 888; x_wconf 85' lang='lat' dir='ltr'>singulas</span> <span class='ocrx_word' id='word_1_49' title='bbox 842 804 1061 888; x_wconf 76' lang='lat' dir='ltr'>praestantiae</span> <span class='ocrx_word' id='word_1_50' title='bbox 1080 805 1189 886; x_wconf 90' lang='lat' dir='ltr'>partes</span> <span class='ocrx_word' id='word_1_51' title='bbox 1203 818 1311 882; x_wconf 89' lang='lat' dir='ltr'>persc-</span> 
     </span>
     <span class='ocr_line' id='line_1_8' title="bbox 166 909 1311 995; baseline -0.005 -21"><span class='ocrx_word' id='word_1_52' title='bbox 166 931 258 993; x_wconf 89' lang='lat' dir='ltr'>quar,</span> <span class='ocrx_word' id='word_1_53' title='bbox 279 911 388 976; x_wconf 89' lang='lat' dir='ltr'>nescio</span> <span class='ocrx_word' id='word_1_54' title='bbox 408 933 450 975; x_wconf 88' lang='lat' dir='ltr'>an</span> <span class='ocrx_word' id='word_1_55' title='bbox 468 910 571 975; x_wconf 88' lang='lat' dir='ltr'>multo</span> <span class='ocrx_word' id='word_1_56' title='bbox 591 911 738 976; x_wconf 84' lang='lat' dir='ltr'>breviore</span> <span class='ocrx_word' id='word_1_57' title='bbox 756 912 810 975; x_wconf 79' lang='lat' dir='ltr'>ria</span> <span class='ocrx_word' id='word_1_58' title='bbox 828 916 981 995; x_wconf 85' lang='lat' dir='ltr'>vestrum,</span> <span class='ocrx_word' id='word_1_59' title='bbox 1004 909 1180 991; x_wconf 84' lang='lat' dir='ltr'>auditores,</span> <span class='ocrx_word' id='word_1_60' title='bbox 1202 926 1311 970; x_wconf 87' lang='lat' dir='ltr'>assen-</span> 
     </span>
     <span class='ocr_line' id='line_1_9' title="bbox 164 1012 1311 1103; baseline -0.004 -24"><span class='ocrx_word' id='word_1_61' title='bbox 164 1037 238 1080; x_wconf 90' lang='lat' dir='ltr'>sum</span> <span class='ocrx_word' id='word_1_62' title='bbox 263 1015 390 1080; x_wconf 87' lang='lat' dir='ltr'>laturus</span> <span class='ocrx_word' id='word_1_63' title='bbox 408 1016 479 1099; x_wconf 90' lang='lat' dir='ltr'>sim,</span> <span class='ocrx_word' id='word_1_64' title='bbox 503 1017 530 1080; x_wconf 92' lang='lat' dir='ltr'>si</span> <span class='ocrx_word' id='word_1_65' title='bbox 550 1039 569 1081; x_wconf 94' lang='lat' dir='ltr'>a</span> <span class='ocrx_word' id='word_1_66' title='bbox 588 1019 751 1084; x_wconf 89' lang='lat' dir='ltr'>contrario</span> <span class='ocrx_word' id='word_1_67' title='bbox 770 1018 942 1103; x_wconf 89' lang='lat' dir='ltr'>profectus,</span> <span class='ocrx_word' id='word_1_68' title='bbox 961 1017 1037 1101; x_wconf 89' lang='lat' dir='ltr'>quid</span> <span class='ocrx_word' id='word_1_69' title='bbox 1056 1015 1188 1081; x_wconf 91' lang='lat' dir='ltr'>tandem</span> <span class='ocrx_word' id='word_1_70' title='bbox 1208 1012 1311 1077; x_wconf 89' lang='lat' dir='ltr'>laudis</span> 
     </span>
     <span class='ocr_line' id='line_1_10' title="bbox 165 1121 1312 1211; baseline -0.003 -25"><span class='ocrx_word' id='word_1_71' title='bbox 165 1121 211 1186; x_wconf 84' lang='lat' dir='ltr'>eit</span> <span class='ocrx_word' id='word_1_72' title='bbox 234 1121 320 1206; x_wconf 90' lang='lat' dir='ltr'>qnod</span> <span class='ocrx_word' id='word_1_73' title='bbox 343 1122 377 1186; x_wconf 92' lang='lat' dir='ltr'>in</span> <span class='ocrx_word' id='word_1_74' title='bbox 399 1122 497 1188; x_wconf 93' lang='lat' dir='ltr'>Illum</span> <span class='ocrx_word' id='word_1_75' title='bbox 520 1145 587 1188; x_wconf 91' lang='lat' dir='ltr'>non</span> <span class='ocrx_word' id='word_1_76' title='bbox 615 1124 728 1189; x_wconf 90' lang='lat' dir='ltr'>cadere</span> <span class='ocrx_word' id='word_1_77' title='bbox 750 1126 888 1211; x_wconf 87' lang='lat' dir='ltr'>putetis,</span> <span class='ocrx_word' id='word_1_78' title='bbox 916 1146 1078 1209; x_wconf 87' lang='lat' dir='ltr'>quaeram.</span> <span class='ocrx_word' id='word_1_79' title='bbox 1124 1123 1192 1188; x_wconf 88' lang='lat' dir='ltr'>Aut</span> <span class='ocrx_word' id='word_1_80' title='bbox 1214 1121 1312 1186; x_wconf 90' lang='lat' dir='ltr'>fallor</span> 
     </span>
     <span class='ocr_line' id='line_1_11' title="bbox 164 1226 1311 1315; baseline 0.001 -23"><span class='ocrx_word' id='word_1_81' title='bbox 164 1229 224 1292; x_wconf 89' lang='lat' dir='ltr'>aut</span> <span class='ocrx_word' id='word_1_82' title='bbox 252 1226 307 1291; x_wconf 83' lang='lat' dir='ltr'>vix</span> <span class='ocrx_word' id='word_1_83' title='bbox 334 1231 385 1292; x_wconf 89' lang='lat' dir='ltr'>est</span> <span class='ocrx_word' id='word_1_84' title='bbox 411 1227 496 1311; x_wconf 92' lang='lat' dir='ltr'>quod</span> <span class='ocrx_word' id='word_1_85' title='bbox 523 1230 695 1311; x_wconf 87' lang='lat' dir='ltr'>quaerenti</span> <span class='ocrx_word' id='word_1_86' title='bbox 723 1230 964 1315; x_wconf 87' lang='lat' dir='ltr'>respondeatur.</span> <span class='ocrx_word' id='word_1_87' title='bbox 1011 1229 1085 1295; x_wconf 83' lang='lat' dir='ltr'>Sive</span> <span class='ocrx_word' id='word_1_88' title='bbox 1114 1230 1201 1295; x_wconf 91' lang='lat' dir='ltr'>enim</span> <span class='ocrx_word' id='word_1_89' title='bbox 1224 1229 1311 1294; x_wconf 89' lang='lat' dir='ltr'>vitae</span> 
     </span>
     <span class='ocr_line' id='line_1_12' title="bbox 166 1333 1311 1420; baseline 0.002 -22"><span class='ocrx_word' id='word_1_90' title='bbox 166 1333 314 1418; x_wconf 84' lang='lat' dir='ltr'>privatae</span> <span class='ocrx_word' id='word_1_91' title='bbox 333 1334 563 1419; x_wconf 83' lang='lat' dir='ltr'>integritatem,</span> <span class='ocrx_word' id='word_1_92' title='bbox 590 1336 843 1420; x_wconf 90' lang='lat' dir='ltr'>simplicitatem,</span> <span class='ocrx_word' id='word_1_93' title='bbox 861 1336 1094 1420; x_wconf 87' lang='lat' dir='ltr'>fortitudinem,</span> <span class='ocrx_word' id='word_1_94' title='bbox 1118 1338 1311 1402; x_wconf 82' lang='lat' dir='ltr'>suavitatem</span> 
     </span>
     <span class='ocr_line' id='line_1_13' title="bbox 166 1440 1312 1528; baseline 0.001 -24"><span class='ocrx_word' id='word_1_95' title='bbox 166 1445 289 1524; x_wconf 86' lang='lat' dir='ltr'>specto,</span> <span class='ocrx_word' id='word_1_96' title='bbox 312 1442 380 1507; x_wconf 85' lang='lat' dir='ltr'>eive</span> <span class='ocrx_word' id='word_1_97' title='bbox 400 1440 678 1508; x_wconf 83' lang='lat' dir='ltr'>administrandae</span> <span class='ocrx_word' id='word_1_98' title='bbox 697 1443 895 1528; x_wconf 83' lang='lat' dir='ltr'>reipublicae</span> <span class='ocrx_word' id='word_1_99' title='bbox 918 1444 1108 1509; x_wconf 76' lang='lat' dir='ltr'>acerrimam</span> <span class='ocrx_word' id='word_1_100' title='bbox 1132 1465 1243 1509; x_wconf 88' lang='lat' dir='ltr'>curam</span> <span class='ocrx_word' id='word_1_101' title='bbox 1265 1443 1312 1506; x_wconf 91' lang='lat' dir='ltr'>in·</span> 
     </span>
     <span class='ocr_line' id='line_1_14' title="bbox 165 1548 1311 1634; baseline 0.001 -24"><span class='ocrx_word' id='word_1_102' title='bbox 165 1549 276 1631; x_wconf 88' lang='lat' dir='ltr'>tueor,</span> <span class='ocrx_word' id='word_1_103' title='bbox 306 1548 375 1613; x_wconf 79' lang='lat' dir='ltr'>sire</span> <span class='ocrx_word' id='word_1_104' title='bbox 404 1550 606 1633; x_wconf 87' lang='lat' dir='ltr'>contemplor</span> <span class='ocrx_word' id='word_1_105' title='bbox 638 1549 758 1615; x_wconf 90' lang='lat' dir='ltr'>artium</span> <span class='ocrx_word' id='word_1_106' title='bbox 793 1550 1039 1634; x_wconf 79' lang='lat' dir='ltr'>litterarumque</span> <span class='ocrx_word' id='word_1_107' title='bbox 1071 1549 1180 1615; x_wconf 88' lang='lat' dir='ltr'>studia</span> <span class='ocrx_word' id='word_1_108' title='bbox 1210 1569 1311 1632; x_wconf 90' lang='lat' dir='ltr'>prope</span> 
     </span>
     <span class='ocr_line' id='line_1_15' title="bbox 166 1655 1312 1740; baseline 0.002 -23"><span class='ocrx_word' id='word_1_109' title='bbox 166 1657 318 1737; x_wconf 84' lang='lat' dir='ltr'>exempta</span> <span class='ocrx_word' id='word_1_110' title='bbox 345 1656 548 1720; x_wconf 87' lang='lat' dir='ltr'>e·similium</span> <span class='ocrx_word' id='word_1_111' title='bbox 575 1656 834 1740; x_wconf 88' lang='lat' dir='ltr'>comparatione:</span> <span class='ocrx_word' id='word_1_112' title='bbox 861 1657 1088 1722; x_wconf 83' lang='lat' dir='ltr'>inexhaustam</span> <span class='ocrx_word' id='word_1_113' title='bbox 1116 1655 1312 1740; x_wconf 89' lang='lat' dir='ltr'>suspiciendi</span> 
     </span>
     <span class='ocr_line' id='line_1_16' title="bbox 166 1759 1313 1847; baseline 0.001 -23"><span class='ocrx_word' id='word_1_114' title='bbox 166 1759 383 1846; x_wconf 87' lang='lat' dir='ltr'>laudandique</span> <span class='ocrx_word' id='word_1_115' title='bbox 405 1763 575 1828; x_wconf 88' lang='lat' dir='ltr'>materiam</span> <span class='ocrx_word' id='word_1_116' title='bbox 599 1763 737 1828; x_wconf 85' lang='lat' dir='ltr'>invenio.</span> <span class='ocrx_word' id='word_1_117' title='bbox 774 1762 916 1838; x_wconf 83' lang='lat' dir='ltr'>Quarum</span> <span class='ocrx_word' id='word_1_118' title='bbox 935 1764 1078 1847; x_wconf 88' lang='lat' dir='ltr'>partium</span> <span class='ocrx_word' id='word_1_119' title='bbox 1096 1763 1237 1846; x_wconf 90' lang='lat' dir='ltr'>primam</span> <span class='ocrx_word' id='word_1_120' title='bbox 1256 1783 1313 1826; x_wconf 91' lang='lat' dir='ltr'>cur</span> 
     </span>
     <span class='ocr_line' id='line_1_17' title="bbox 166 1864 1310 1955; baseline 0.003 -25"><span class='ocrx_word' id='word_1_121' title='bbox 166 1864 243 1931; x_wconf 90' lang='lat' dir='ltr'>huic</span> <span class='ocrx_word' id='word_1_122' title='bbox 265 1869 473 1952; x_wconf 87' lang='lat' dir='ltr'>potissimum</span> <span class='ocrx_word' id='word_1_123' title='bbox 498 1871 568 1936; x_wconf 91' lang='lat' dir='ltr'>loco</span> <span class='ocrx_word' id='word_1_124' title='bbox 593 1874 626 1935; x_wconf 89' lang='lat' dir='ltr'>et</span> <span class='ocrx_word' id='word_1_125' title='bbox 650 1870 714 1936; x_wconf 90' lang='lat' dir='ltr'>diei</span> <span class='ocrx_word' id='word_1_126' title='bbox 732 1893 888 1955; x_wconf 91' lang='lat' dir='ltr'>meaeque</span> <span class='ocrx_word' id='word_1_127' title='bbox 906 1871 1009 1955; x_wconf 90' lang='lat' dir='ltr'>ipsius</span> <span class='ocrx_word' id='word_1_128' title='bbox 1028 1891 1184 1954; x_wconf 85' lang='lat' dir='ltr'>personae</span> <span class='ocrx_word' id='word_1_129' title='bbox 1203 1869 1310 1935; x_wconf 87' lang='lat' dir='ltr'>minus</span> 
     </span>
     <span class='ocr_line' id='line_1_18' title="bbox 167 1975 1311 2061; baseline 0.002 -24"><span class='ocrx_word' id='word_1_130' title='bbox 167 1977 280 2056; x_wconf 89' lang='lat' dir='ltr'>putem</span> <span class='ocrx_word' id='word_1_131' title='bbox 312 1981 499 2061; x_wconf 82' lang='lat' dir='ltr'>convenire,</span> <span class='ocrx_word' id='word_1_132' title='bbox 535 1978 570 2041; x_wconf 92' lang='lat' dir='ltr'>in</span> <span class='ocrx_word' id='word_1_133' title='bbox 601 1977 776 2061; x_wconf 90' lang='lat' dir='ltr'>propatulo</span> <span class='ocrx_word' id='word_1_134' title='bbox 809 1998 942 2042; x_wconf 83' lang='lat' dir='ltr'>caussae</span> <span class='ocrx_word' id='word_1_135' title='bbox 975 1979 1059 2040; x_wconf 89' lang='lat' dir='ltr'>sunt.</span> <span class='ocrx_word' id='word_1_136' title='bbox 1114 1975 1237 2052; x_wconf 83' lang='lat' dir='ltr'>Quodsi</span> <span class='ocrx_word' id='word_1_137' title='bbox 1269 1976 1311 2039; x_wconf 87' lang='lat' dir='ltr'>ab</span> 
     </span>
     <span class='ocr_line' id='line_1_19' title="bbox 166 2081 1362 2167; baseline 0.001 -22"><span class='ocrx_word' id='word_1_138' title='bbox 166 2081 280 2145; x_wconf 86' lang='lat' dir='ltr'>eadem</span> <span class='ocrx_word' id='word_1_139' title='bbox 309 2104 449 2167; x_wconf 88' lang='lat' dir='ltr'>persona</span> <span class='ocrx_word' id='word_1_140' title='bbox 479 2084 618 2149; x_wconf 90' lang='lat' dir='ltr'>alienam</span> <span class='ocrx_word' id='word_1_141' title='bbox 649 2084 809 2167; x_wconf 84' lang='lat' dir='ltr'>dixeritis,</span> <span class='ocrx_word' id='word_1_142' title='bbox 839 2084 1016 2165; x_wconf 78' lang='lat' dir='ltr'>auditores,</span> <span class='ocrx_word' id='word_1_143' title='bbox 1045 2083 1176 2147; x_wconf 85' lang='lat' dir='ltr'>virtutis</span> <span class='ocrx_word' id='word_1_144' title='bbox 1206 2081 1310 2146; x_wconf 86' lang='lat' dir='ltr'>civilis</span> <span class='ocrx_word' id='word_1_145' title='bbox 1326 2091 1362 2132; x_wconf 71' lang='grc' dir='ltr'><em>Ἦ</em></span> 
     </span>
     <span class='ocr_line' id='line_1_20' title="bbox 166 2187 1311 2276; baseline 0.001 -25"><span class='ocrx_word' id='word_1_146' title='bbox 166 2187 443 2256; x_wconf 76' lang='lat' dir='ltr'>existimationem</span> <span class='ocrx_word' id='word_1_147' title='bbox 460 2193 495 2255; x_wconf 91' lang='lat' dir='ltr'>in</span> <span class='ocrx_word' id='word_1_148' title='bbox 513 2191 653 2276; x_wconf 82' lang='lat' dir='ltr'>negotiis</span> <span class='ocrx_word' id='word_1_149' title='bbox 672 2190 809 2275; x_wconf 89' lang='lat' dir='ltr'>publicis</span> <span class='ocrx_word' id='word_1_150' title='bbox 828 2191 1035 2275; x_wconf 87' lang='lat' dir='ltr'>conspicuae:</span> <span class='ocrx_word' id='word_1_151' title='bbox 1060 2211 1119 2254; x_wconf 91' lang='lat' dir='ltr'>nec</span> <span class='ocrx_word' id='word_1_152' title='bbox 1137 2188 1311 2254; x_wconf 86' lang='lat' dir='ltr'>concedere</span> 
     </span>
     <span class='ocr_line' id='line_1_21' title="bbox 165 2295 1310 2383; baseline 0.003 -26"><span class='ocrx_word' id='word_1_153' title='bbox 165 2314 225 2359; x_wconf 88' lang='lat' dir='ltr'>neo</span> <span class='ocrx_word' id='word_1_154' title='bbox 252 2317 432 2383; x_wconf 76' lang='lat' dir='ltr'>repugnare</span> <span class='ocrx_word' id='word_1_155' title='bbox 460 2298 547 2363; x_wconf 91' lang='lat' dir='ltr'>omni</span> <span class='ocrx_word' id='word_1_156' title='bbox 570 2320 609 2361; x_wconf 86' lang='lat' dir='ltr'>ex</span> <span class='ocrx_word' id='word_1_157' title='bbox 635 2300 728 2381; x_wconf 87' lang='lat' dir='ltr'>parte</span> <span class='ocrx_word' id='word_1_158' title='bbox 751 2319 893 2382; x_wconf 89' lang='lat' dir='ltr'>possum.</span> <span class='ocrx_word' id='word_1_159' title='bbox 939 2295 1025 2361; x_wconf 88' lang='lat' dir='ltr'>Nam</span> <span class='ocrx_word' id='word_1_160' title='bbox 1055 2316 1157 2380; x_wconf 82' lang='lat' dir='ltr'>genus</span> <span class='ocrx_word' id='word_1_161' title='bbox 1181 2295 1310 2380; x_wconf 88' lang='lat' dir='ltr'>quidem</span> 
     </span>
     <span class='ocr_line' id='line_1_22' title="bbox 168 2400 1311 2488; baseline 0.001 -24"><span class='ocrx_word' id='word_1_162' title='bbox 168 2400 249 2466; x_wconf 90' lang='lat' dir='ltr'>illud</span> <span class='ocrx_word' id='word_1_163' title='bbox 277 2404 463 2470; x_wconf 85' lang='lat' dir='ltr'>universum</span> <span class='ocrx_word' id='word_1_164' title='bbox 490 2404 632 2487; x_wconf 90' lang='lat' dir='ltr'>etiamsi,</span> <span class='ocrx_word' id='word_1_165' title='bbox 659 2408 697 2469; x_wconf 91' lang='lat' dir='ltr'>ut</span> <span class='ocrx_word' id='word_1_166' title='bbox 723 2404 824 2468; x_wconf 90' lang='lat' dir='ltr'>libere</span> <span class='ocrx_word' id='word_1_167' title='bbox 851 2402 972 2488; x_wconf 90' lang='lat' dir='ltr'>dicam,</span> <span class='ocrx_word' id='word_1_168' title='bbox 999 2403 1041 2467; x_wconf 90' lang='lat' dir='ltr'>ab</span> <span class='ocrx_word' id='word_1_169' title='bbox 1067 2400 1198 2466; x_wconf 88' lang='lat' dir='ltr'>homine</span> <span class='ocrx_word' id='word_1_170' title='bbox 1222 2402 1311 2466; x_wconf 91' lang='lat' dir='ltr'>nullo</span> 
     </span>
     <span class='ocr_line' id='line_1_23' title="bbox 167 2507 1311 2594; baseline 0 -22"><span class='ocrx_word' id='word_1_171' title='bbox 167 2507 348 2575; x_wconf 87' lang='lat' dir='ltr'>liberaliter</span> <span class='ocrx_word' id='word_1_172' title='bbox 375 2511 527 2577; x_wconf 86' lang='lat' dir='ltr'>instituto</span> <span class='ocrx_word' id='word_1_173' title='bbox 555 2511 731 2576; x_wconf 91' lang='lat' dir='ltr'>abhorrere</span> <span class='ocrx_word' id='word_1_174' title='bbox 758 2511 901 2594; x_wconf 88' lang='lat' dir='ltr'>credam,</span> <span class='ocrx_word' id='word_1_175' title='bbox 928 2531 1041 2576; x_wconf 81' lang='lat' dir='ltr'>rerum</span> <span class='ocrx_word' id='word_1_176' title='bbox 1067 2508 1102 2572; x_wconf 91' lang='lat' dir='ltr'>in</span> <span class='ocrx_word' id='word_1_177' title='bbox 1130 2509 1207 2575; x_wconf 90' lang='lat' dir='ltr'>boni</span> <span class='ocrx_word' id='word_1_178' title='bbox 1230 2509 1311 2573; x_wconf 85' lang='lat' dir='ltr'>civis</span> 
     </span>
     <span class='ocr_line' id='line_1_24' title="bbox 167 2616 1311 2701; baseline 0.001 -22"><span class='ocrx_word' id='word_1_179' title='bbox 167 2636 339 2698; x_wconf 87' lang='lat' dir='ltr'>personam</span> <span class='ocrx_word' id='word_1_180' title='bbox 362 2616 474 2682; x_wconf 90' lang='lat' dir='ltr'>cadere</span> <span class='ocrx_word' id='word_1_181' title='bbox 497 2638 632 2701; x_wconf 90' lang='lat' dir='ltr'>eamque</span> <span class='ocrx_word' id='word_1_182' title='bbox 652 2616 762 2681; x_wconf 89' lang='lat' dir='ltr'>decere</span> <span class='ocrx_word' id='word_1_183' title='bbox 780 2620 818 2681; x_wconf 89' lang='lat' dir='ltr'>ut</span> <span class='ocrx_word' id='word_1_184' title='bbox 835 2617 921 2701; x_wconf 90' lang='lat' dir='ltr'>quod</span> <span class='ocrx_word' id='word_1_185' title='bbox 940 2616 1093 2681; x_wconf 85' lang='lat' dir='ltr'>maxime:</span> <span class='ocrx_word' id='word_1_186' title='bbox 1116 2621 1226 2682; x_wconf 89' lang='lat' dir='ltr'>tamen</span> <span class='ocrx_word' id='word_1_187' title='bbox 1245 2637 1311 2680; x_wconf 92' lang='lat' dir='ltr'>non</span> 
     </span>
     <span class='ocr_line' id='line_1_25' title="bbox 168 2720 1311 2807; baseline 0.001 -22"><span class='ocrx_word' id='word_1_188' title='bbox 168 2720 361 2786; x_wconf 86' lang='lat' dir='ltr'>mediocrem</span> <span class='ocrx_word' id='word_1_189' title='bbox 393 2722 539 2806; x_wconf 88' lang='lat' dir='ltr'>profecto</span> <span class='ocrx_word' id='word_1_190' title='bbox 572 2722 799 2788; x_wconf 85' lang='lat' dir='ltr'>difficultatem</span> <span class='ocrx_word' id='word_1_191' title='bbox 830 2723 931 2788; x_wconf 89' lang='lat' dir='ltr'>habet</span> <span class='ocrx_word' id='word_1_192' title='bbox 963 2745 1073 2789; x_wconf 91' lang='lat' dir='ltr'>eorum</span> <span class='ocrx_word' id='word_1_193' title='bbox 1105 2723 1311 2807; x_wconf 89' lang='lat' dir='ltr'>potissimum</span> 
     </span>
     <span class='ocr_line' id='line_1_26' title="bbox 168 2828 1311 2914; baseline -0.002 -21"><span class='ocrx_word' id='word_1_194' title='bbox 168 2829 311 2893; x_wconf 74' lang='lat' dir='ltr'>virorum</span> <span class='ocrx_word' id='word_1_195' title='bbox 338 2829 507 2912; x_wconf 89' lang='lat' dir='ltr'>iudicatio,</span> <span class='ocrx_word' id='word_1_196' title='bbox 535 2829 589 2914; x_wconf 88' lang='lat' dir='ltr'>qui</span> <span class='ocrx_word' id='word_1_197' title='bbox 618 2851 691 2894; x_wconf 93' lang='lat' dir='ltr'>cum</span> <span class='ocrx_word' id='word_1_198' title='bbox 719 2828 978 2914; x_wconf 87' lang='lat' dir='ltr'>splendidissima</span> <span class='ocrx_word' id='word_1_199' title='bbox 1004 2830 1038 2895; x_wconf 93' lang='lat' dir='ltr'>in</span> <span class='ocrx_word' id='word_1_200' title='bbox 1066 2829 1137 2895; x_wconf 90' lang='lat' dir='ltr'>luce</span> <span class='ocrx_word' id='word_1_201' title='bbox 1160 2828 1311 2895; x_wconf 89' lang='lat' dir='ltr'>collocati</span> 
     </span>
     <span class='ocr_line' id='line_1_27' title="bbox 167 2934 1310 3022; baseline 0 -22"><span class='ocrx_word' id='word_1_202' title='bbox 167 2936 312 3000; x_wconf 89' lang='lat' dir='ltr'>omnium</span> <span class='ocrx_word' id='word_1_203' title='bbox 335 2934 438 3001; x_wconf 90' lang='lat' dir='ltr'>oculis</span> <span class='ocrx_word' id='word_1_204' title='bbox 463 2939 654 3019; x_wconf 85' lang='lat' dir='ltr'>appareant,</span> <span class='ocrx_word' id='word_1_205' title='bbox 683 2935 802 3020; x_wconf 81' lang='lat' dir='ltr'>agendi</span> <span class='ocrx_word' id='word_1_206' title='bbox 830 2937 943 3001; x_wconf 90' lang='lat' dir='ltr'>modos</span> <span class='ocrx_word' id='word_1_207' title='bbox 967 2936 1239 3022; x_wconf 87' lang='lat' dir='ltr'>consiliorumque</span> <span class='ocrx_word' id='word_1_208' title='bbox 1262 2957 1310 3001; x_wconf 89' lang='lat' dir='ltr'>ra·</span> 
     </span>
     <span class='ocr_line' id='line_1_28' title="bbox 166 3042 1310 3108; baseline 0.001 -2"><span class='ocrx_word' id='word_1_209' title='bbox 166 3042 273 3107; x_wconf 87' lang='lat' dir='ltr'>tiones</span> <span class='ocrx_word' id='word_1_210' title='bbox 300 3042 502 3108; x_wconf 88' lang='lat' dir='ltr'>densissimis</span> <span class='ocrx_word' id='word_1_211' title='bbox 529 3043 763 3107; x_wconf 84' lang='lat' dir='ltr'>taciturnitatis</span> <span class='ocrx_word' id='word_1_212' title='bbox 793 3043 935 3108; x_wconf 89' lang='lat' dir='ltr'>tenebris</span> <span class='ocrx_word' id='word_1_213' title='bbox 966 3043 1110 3108; x_wconf 87' lang='lat' dir='ltr'>occultas</span> <span class='ocrx_word' id='word_1_214' title='bbox 1140 3065 1205 3108; x_wconf 90' lang='lat' dir='ltr'>non</span> <span class='ocrx_word' id='word_1_215' title='bbox 1237 3064 1310 3108; x_wconf 90' lang='lat' dir='ltr'>con·</span> 
     </span>
     <span class='ocr_line' id='line_1_29' title="bbox 159 3149 1310 3234; baseline 0 -20"><span class='ocrx_word' id='word_1_216' title='bbox 159 3154 343 3215; x_wconf 60' lang='lat' dir='ltr'>&#39;sueverunt</span> <span class='ocrx_word' id='word_1_217' title='bbox 364 3153 493 3214; x_wconf 88' lang='lat' dir='ltr'>tantum</span> <span class='ocrx_word' id='word_1_218' title='bbox 517 3150 629 3234; x_wconf 90' lang='lat' dir='ltr'>celare,</span> <span class='ocrx_word' id='word_1_219' title='bbox 653 3150 708 3214; x_wconf 91' lang='lat' dir='ltr'>sed</span> <span class='ocrx_word' id='word_1_220' title='bbox 731 3149 878 3234; x_wconf 81' lang='lat' dir='ltr'>legitime</span> <span class='ocrx_word' id='word_1_221' title='bbox 902 3154 995 3215; x_wconf 85' lang='lat' dir='ltr'>etex</span> <span class='ocrx_word' id='word_1_222' title='bbox 1019 3150 1126 3216; x_wconf 89' lang='lat' dir='ltr'>officio</span> <span class='ocrx_word' id='word_1_223' title='bbox 1148 3172 1215 3215; x_wconf 91' lang='lat' dir='ltr'>non</span> <span class='ocrx_word' id='word_1_224' title='bbox 1237 3171 1310 3233; x_wconf 90' lang='lat' dir='ltr'>pos·</span> 
     </span>
     <span class='ocr_line' id='line_1_30' title="bbox 168 3255 1311 3341; baseline -0.002 -20"><span class='ocrx_word' id='word_1_225' title='bbox 168 3260 244 3321; x_wconf 88' lang='lat' dir='ltr'>eunt</span> <span class='ocrx_word' id='word_1_226' title='bbox 270 3278 336 3322; x_wconf 90' lang='lat' dir='ltr'>non</span> <span class='ocrx_word' id='word_1_227' title='bbox 359 3256 469 3322; x_wconf 87' lang='lat' dir='ltr'>dedita</span> <span class='ocrx_word' id='word_1_228' title='bbox 492 3277 590 3341; x_wconf 86' lang='lat' dir='ltr'>opera</span> <span class='ocrx_word' id='word_1_229' title='bbox 616 3257 730 3322; x_wconf 90' lang='lat' dir='ltr'>celare.</span> <span class='ocrx_word' id='word_1_230' title='bbox 776 3255 891 3340; x_wconf 88' lang='lat' dir='ltr'>Itaque</span> <span class='ocrx_word' id='word_1_231' title='bbox 915 3257 999 3341; x_wconf 93' lang='lat' dir='ltr'>quod</span> <span class='ocrx_word' id='word_1_232' title='bbox 1022 3279 1088 3322; x_wconf 92' lang='lat' dir='ltr'>non</span> <span class='ocrx_word' id='word_1_233' title='bbox 1111 3256 1311 3339; x_wconf 86' lang='lat' dir='ltr'>invenerunt,</span> 
     </span>
     <span class='ocr_line' id='line_1_31' title="bbox 167 3362 1310 3448; baseline -0.001 -21"><span class='ocrx_word' id='word_1_234' title='bbox 167 3363 218 3428; x_wconf 90' lang='lat' dir='ltr'>cui</span> <span class='ocrx_word' id='word_1_235' title='bbox 242 3365 362 3429; x_wconf 87' lang='lat' dir='ltr'>rectius</span> <span class='ocrx_word' id='word_1_236' title='bbox 380 3363 629 3429; x_wconf 90' lang='lat' dir='ltr'>Humboldtiani</span> <span class='ocrx_word' id='word_1_237' title='bbox 648 3362 770 3448; x_wconf 82' lang='lat' dir='ltr'>ingenii</span> <span class='ocrx_word' id='word_1_238' title='bbox 789 3362 1011 3428; x_wconf 86' lang='lat' dir='ltr'>excellentiam</span> <span class='ocrx_word' id='word_1_239' title='bbox 1034 3385 1131 3447; x_wconf 89' lang='lat' dir='ltr'>quam</span> <span class='ocrx_word' id='word_1_240' title='bbox 1149 3362 1310 3427; x_wconf 89' lang='lat' dir='ltr'>Pericleae</span> 
     </span>
     <span class='ocr_line' id='line_1_32' title="bbox 167 3459 1309 3556; baseline 0 -22"><span class='ocrx_word' id='word_1_241' title='bbox 167 3472 386 3554; x_wconf 80' lang='lat' dir='ltr'>praestantiae</span> <span class='ocrx_word' id='word_1_242' title='bbox 409 3473 647 3556; x_wconf 88' lang='lat' dir='ltr'>compararent:</span> <span class='ocrx_word' id='word_1_243' title='bbox 670 3470 703 3534; x_wconf 91' lang='lat' dir='ltr'>id</span> <span class='ocrx_word' id='word_1_244' title='bbox 722 3491 794 3534; x_wconf 89' lang='lat' dir='ltr'>eum</span> <span class='ocrx_word' id='word_1_245' title='bbox 813 3470 908 3535; x_wconf 87' lang='lat' dir='ltr'>facile</span> <span class='ocrx_word' id='word_1_246' title='bbox 927 3470 968 3535; x_wconf 92' lang='lat' dir='ltr'>ab</span> <span class='ocrx_word' id='word_1_247' title='bbox 988 3459 1191 3554; x_wconf 85' lang='lat' dir='ltr'>unoquoque,</span> <span class='ocrx_word' id='word_1_248' title='bbox 1214 3491 1309 3553; x_wconf 90' lang='lat' dir='ltr'>quam</span> 
     </span>
     <span class='ocr_line' id='line_1_33' title="bbox 167 3576 1311 3661; baseline 0 -21"><span class='ocrx_word' id='word_1_249' title='bbox 167 3577 212 3642; x_wconf 86' lang='lat' dir='ltr'>eit</span> <span class='ocrx_word' id='word_1_250' title='bbox 233 3598 309 3642; x_wconf 81' lang='lat' dir='ltr'>rere</span> <span class='ocrx_word' id='word_1_251' title='bbox 332 3577 521 3661; x_wconf 90' lang='lat' dir='ltr'>iudicatum,</span> <span class='ocrx_word' id='word_1_252' title='bbox 544 3578 716 3659; x_wconf 88' lang='lat' dir='ltr'>sentiatur,</span> <span class='ocrx_word' id='word_1_253' title='bbox 743 3576 957 3642; x_wconf 87' lang='lat' dir='ltr'>demonstrari</span> <span class='ocrx_word' id='word_1_254' title='bbox 980 3582 1091 3643; x_wconf 90' lang='lat' dir='ltr'>tamen</span> <span class='ocrx_word' id='word_1_255' title='bbox 1114 3577 1177 3643; x_wconf 89' lang='lat' dir='ltr'>nisi</span> <span class='ocrx_word' id='word_1_256' title='bbox 1200 3600 1220 3640; x_wconf 91' lang='lat' dir='ltr'>a</span> <span class='ocrx_word' id='word_1_257' title='bbox 1242 3598 1311 3661; x_wconf 88' lang='lat' dir='ltr'>per-</span> 
     </span>
     <span class='ocr_line' id='line_1_34' title="bbox 167 3682 1310 3769; baseline -0.001 -22"><span class='ocrx_word' id='word_1_258' title='bbox 167 3683 279 3767; x_wconf 89' lang='lat' dir='ltr'>paucis</span> <span class='ocrx_word' id='word_1_259' title='bbox 307 3684 393 3748; x_wconf 88' lang='lat' dir='ltr'>haud</span> <span class='ocrx_word' id='word_1_260' title='bbox 420 3684 577 3769; x_wconf 85' lang='lat' dir='ltr'>potuerit,</span> <span class='ocrx_word' id='word_1_261' title='bbox 606 3683 699 3767; x_wconf 86' lang='lat' dir='ltr'>quia,</span> <span class='ocrx_word' id='word_1_262' title='bbox 729 3684 846 3768; x_wconf 89' lang='lat' dir='ltr'>quibus</span> <span class='ocrx_word' id='word_1_263' title='bbox 875 3684 930 3748; x_wconf 90' lang='lat' dir='ltr'>ille</span> <span class='ocrx_word' id='word_1_264' title='bbox 961 3685 1022 3748; x_wconf 86' lang='lat' dir='ltr'>viis</span> <span class='ocrx_word' id='word_1_265' title='bbox 1052 3688 1086 3749; x_wconf 88' lang='lat' dir='ltr'>et</span> <span class='ocrx_word' id='word_1_266' title='bbox 1113 3683 1238 3750; x_wconf 87' lang='lat' dir='ltr'>artibus</span> <span class='ocrx_word' id='word_1_267' title='bbox 1269 3682 1310 3746; x_wconf 91' lang='lat' dir='ltr'>ad</span> 
     </span>
     <span class='ocr_line' id='line_1_35' title="bbox 167 3790 1310 3876; baseline -0.002 -20"><span class='ocrx_word' id='word_1_268' title='bbox 167 3794 296 3856; x_wconf 83' lang='lat' dir='ltr'>tautum</span> <span class='ocrx_word' id='word_1_269' title='bbox 320 3791 489 3876; x_wconf 82' lang='lat' dir='ltr'>fastigium</span> <span class='ocrx_word' id='word_1_270' title='bbox 513 3790 704 3874; x_wconf 87' lang='lat' dir='ltr'>escenderit,</span> <span class='ocrx_word' id='word_1_271' title='bbox 733 3810 853 3874; x_wconf 84' lang='lat' dir='ltr'>magua</span> <span class='ocrx_word' id='word_1_272' title='bbox 881 3811 919 3855; x_wconf 83' lang='lat' dir='ltr'>ex</span> <span class='ocrx_word' id='word_1_273' title='bbox 947 3794 1039 3874; x_wconf 89' lang='lat' dir='ltr'>parte</span> <span class='ocrx_word' id='word_1_274' title='bbox 1062 3791 1159 3856; x_wconf 92' lang='lat' dir='ltr'>iidem</span> <span class='ocrx_word' id='word_1_275' title='bbox 1182 3792 1310 3876; x_wconf 80' lang='lat' dir='ltr'>ignora·</span> 
     </span>
     <span class='ocr_line' id='line_1_36' title="bbox 167 3897 1310 3983; baseline 0 -22"><span class='ocrx_word' id='word_1_276' title='bbox 167 3920 249 3982; x_wconf 90' lang='lat' dir='ltr'>mus,</span> <span class='ocrx_word' id='word_1_277' title='bbox 273 3898 391 3983; x_wconf 89' lang='lat' dir='ltr'>quibus</span> <span class='ocrx_word' id='word_1_278' title='bbox 415 3897 578 3962; x_wconf 86' lang='lat' dir='ltr'>Pericleae</span> <span class='ocrx_word' id='word_1_279' title='bbox 601 3899 687 3962; x_wconf 88' lang='lat' dir='ltr'>vitae</span> <span class='ocrx_word' id='word_1_280' title='bbox 706 3919 837 3962; x_wconf 91' lang='lat' dir='ltr'>cursum</span> <span class='ocrx_word' id='word_1_281' title='bbox 855 3900 1021 3981; x_wconf 87' lang='lat' dir='ltr'>tamquam</span> <span class='ocrx_word' id='word_1_282' title='bbox 1041 3899 1142 3963; x_wconf 87' lang='lat' dir='ltr'>oculis</span> <span class='ocrx_word' id='word_1_283' title='bbox 1162 3897 1310 3964; x_wconf 91' lang='lat' dir='ltr'>comitari</span> 
     </span>
     <span class='ocr_line' id='line_1_37' title="bbox 167 4003 1311 4092; baseline 0.003 -24"><span class='ocrx_word' id='word_1_284' title='bbox 167 4005 253 4069; x_wconf 78' lang='lat' dir='ltr'>licet</span> <span class='ocrx_word' id='word_1_285' title='bbox 299 4005 424 4090; x_wconf 81' lang='lat' dir='ltr'>Quippe</span> <span class='ocrx_word' id='word_1_286' title='bbox 454 4007 515 4071; x_wconf 93' lang='lat' dir='ltr'>hoc</span> <span class='ocrx_word' id='word_1_287' title='bbox 545 4007 652 4089; x_wconf 85' lang='lat' dir='ltr'>ipsum</span> <span class='ocrx_word' id='word_1_288' title='bbox 682 4025 747 4068; x_wconf 90' lang='lat' dir='ltr'>non</span> <span class='ocrx_word' id='word_1_289' title='bbox 777 4003 847 4068; x_wconf 88' lang='lat' dir='ltr'>sine</span> <span class='ocrx_word' id='word_1_290' title='bbox 877 4026 1003 4070; x_wconf 90' lang='lat' dir='ltr'>summo</span> <span class='ocrx_word' id='word_1_291' title='bbox 1036 4004 1160 4090; x_wconf 89' lang='lat' dir='ltr'>dolore,</span> <span class='ocrx_word' id='word_1_292' title='bbox 1193 4007 1249 4092; x_wconf 92' lang='lat' dir='ltr'>qui</span> <span class='ocrx_word' id='word_1_293' title='bbox 1276 4006 1311 4070; x_wconf 89' lang='lat' dir='ltr'>in</span> 
     </span>
     <span class='ocr_line' id='line_1_38' title="bbox 166 4113 1310 4197; baseline 0.002 -21"><span class='ocrx_word' id='word_1_294' title='bbox 166 4118 460 4197; x_wconf 83' lang='lat' dir='ltr'>rerumgestarum</span> <span class='ocrx_word' id='word_1_295' title='bbox 484 4113 624 4178; x_wconf 83' lang='lat' dir='ltr'>historia</span> <span class='ocrx_word' id='word_1_296' title='bbox 647 4132 779 4195; x_wconf 89' lang='lat' dir='ltr'>operam</span> <span class='ocrx_word' id='word_1_297' title='bbox 802 4116 980 4194; x_wconf 89' lang='lat' dir='ltr'>posuerunt</span> <span class='ocrx_word' id='word_1_298' title='bbox 1004 4135 1104 4196; x_wconf 88' lang='lat' dir='ltr'>suam,</span> <span class='ocrx_word' id='word_1_299' title='bbox 1126 4114 1240 4178; x_wconf 88' lang='lat' dir='ltr'>testari</span> <span class='ocrx_word' id='word_1_300' title='bbox 1260 4134 1310 4177; x_wconf 89' lang='lat' dir='ltr'>so·</span> 
     </span>
    </p>
   </div>
   <div class='ocr_carea' id='block_1_3' title="bbox 167 4219 1311 4379">
    <p class='ocr_par' dir='ltr' id='par_1_3' title="bbox 167 4219 1311 4379">
     <span class='ocr_line' id='line_1_39' title="bbox 167 4219 1311 4304; baseline 0.003 -22"><span class='ocrx_word' id='word_1_301' title='bbox 167 4219 236 4283; x_wconf 89' lang='lat' dir='ltr'>lent</span> <span class='ocrx_word' id='word_1_302' title='bbox 254 4219 340 4284; x_wconf 87' lang='lat' dir='ltr'>inter</span> <span class='ocrx_word' id='word_1_303' title='bbox 357 4221 585 4304; x_wconf 87' lang='lat' dir='ltr'>antiquitatem</span> <span class='ocrx_word' id='word_1_304' title='bbox 604 4223 637 4283; x_wconf 90' lang='lat' dir='ltr'>et</span> <span class='ocrx_word' id='word_1_305' title='bbox 655 4223 804 4284; x_wconf 90' lang='lat' dir='ltr'>nostram</span> <span class='ocrx_word' id='word_1_306' title='bbox 823 4222 962 4284; x_wconf 86' lang='lat' dir='ltr'>aetatem</span> <span class='ocrx_word' id='word_1_307' title='bbox 987 4221 1128 4286; x_wconf 87' lang='lat' dir='ltr'>maxime</span> <span class='ocrx_word' id='word_1_308' title='bbox 1146 4221 1311 4303; x_wconf 88' lang='lat' dir='ltr'>interesse,</span> 
     </span>
     <span class='ocr_line' id='line_1_40' title="bbox 222 4330 1097 4379; baseline 0.001 -2"><span class='ocrx_word' id='word_1_309' title='bbox 222 4344 262 4379; x_wconf 79' lang='lat' dir='ltr'>aa.</span> <span class='ocrx_word' id='word_1_310' title='bbox 283 4344 431 4378; x_wconf 80' lang='lat' dir='ltr'>arrscuaau</span> <span class='ocrx_word' id='word_1_311' title='bbox 451 4343 587 4379; x_wconf 77' lang='lat' dir='ltr'>oeracrua</span> <span class='ocrx_word' id='word_1_312' title='bbox 607 4343 632 4377; x_wconf 89' lang='lat' dir='ltr'>v.</span> <span class='ocrx_word' id='word_1_313' title='bbox 1064 4330 1097 4378; x_wconf 79' lang='lat'>42</span> 
     </span>
    </p>
   </div>
   <div class='ocr_carea' id='block_1_4' title="bbox 0 0 1487 5032">
    <p class='ocr_par' dir='ltr' id='par_1_4' title="bbox 0 0 1487 5032">
     <span class='ocr_line' id='line_1_41' title="bbox 0 0 1487 5032; baseline 0 0"><span class='ocrx_word' id='word_1_314' title='bbox 0 0 1487 5032; x_wconf 95' lang='lat' dir='ltr'> </span> 
     </span>
    </p>
   </div>
  </div>
 </body>
</html>
