2962 5032
459 119 754 167 ‹snsrunarrosun
778 118 851 165 uni»
875 104 1082 164 {tunsiones
1280 100 1343 162 713

165 257 298 339 phiae
316 262 481 344 professor
499 261 648 347 publicus
668 261 860 345 ordinarius,
882 282 993 325 corum
1012 281 1162 323 sensuum
1185 259 1343 342 interpres

167 368 328 451 existet,
351 391 432 453 qnos
454 390 520 434 non
544 368 730 434 dubitamus
755 369 833 452 quin
857 371 890 432 et
912 367 1082 432 nobiscum
1106 371 1230 431 etcum
1250 365 1344 430 bonis

169 474 352 540 omnibus
376 497 414 540 ex
437 476 545 541 animo
569 475 821 541 communicetis.
867 472 992 539 Valete.

289 581 457 647 Dabamus
479 581 614 648 Bonnae
637 581 748 647 Idibus
772 580 868 645 Maiis
892 602 920 644 a.
944 595 1185 645 crorocccnxu.

750 868 799 932 15.

499 1010 597 1075 Zwei
620 1010 1047 1096 ltelegationspatente.

699 1230 787 1271 -a.

291 1329 524 1394 Vniversitatis
557 1329 750 1395 Fridericiae
779 1330 970 1395 Guilelmiae
998 1328 1174 1393 Rhenanae
1191 1328 1202 1410 ΙΙ
1228 1327 1344 1391 [tector

183 1444 231 1503 et
256 1436 407 1501 Senatus.
435 1437 446 1520 l
473 1435 554 1502 Cum
587 1437 691 1501 multa
723 1438 755 1501 in
788 1437 960 1502 academiis
997 1436 1185 1500 iuvenilium
1223 1433 1344 1497 animo-

180 1564 273 1609 rum
297 1548 355 1608 aut
375 1544 492 1608 levitas
516 1548 574 1607 aut
595 1544 704 1608 fervor
727 1544 859 1629 gignere
887 1548 1020 1628 peccata
1043 1542 1160 1625 soleat,
1184 1560 1266 1624 quae
1289 1561 1344 1622 pa-

185 1649 304 1715 ternis
332 1649 607 1715 admonitionibus
640 1650 778 1716 coerceri
806 1656 864 1715 aut
891 1649 1069 1715 lenioribus
1097 1646 1272 1713 seeundum
1301 1645 1345 1710 le

186 1778 279 1843 gum
302 1757 454 1822 instituta
476 1757 589 1841 poenis
613 1757 765 1842 castigari
785 1757 866 1821 satis
885 1761 943 1839 est,
967 1777 1077 1820 rursus
1097 1754 1162 1818 alia
1180 1757 1248 1818 tam
1269 1756 1345 1817 sunt

190 1863 396 1948 importuna,
417 1867 485 1927 tam
509 1864 663 1948 opposita
685 1862 812 1948 legibus
836 1861 986 1928 omnibus
1011 1866 1108 1945 atque
1128 1883 1147 1924 a
1167 1860 1247 1924 bene
1271 1881 1344 1925 con·

192 1971 320 2035 stituta
342 1969 474 2034 civitate
499 1969 619 2052 aliena,
647 1975 682 2035 ut
705 1967 984 2034 animadvertendi
1008 1967 1213 2031 severitatem
1238 1967 1345 2030 inexo

197 2077 336 2141 rabilem
363 2098 430 2141 non
458 2076 616 2142 suadeant
643 2081 784 2161 tantum,
818 2076 873 2141 sed
897 2074 1065 2159 postulent
1089 2072 1344 2158 efflagitantque.

197 2181 238 2247 In
266 2182 384 2267 quibus
411 2181 507 2249 facile
535 2183 739 2268 intellegitur
769 2188 899 2268 praeter
921 2186 1028 2248 cetera
1050 2180 1132 2244 illud
1156 2199 1239 2263 esse,
1272 2201 1345 2244 oum

200 2290 452 2374 magistratuum
475 2290 571 2373 iussa,
594 2311 695 2374 eaque
719 2291 780 2374 ipsi
799 2291 908 2374 legum
928 2286 1114 2353 auctoritati
1133 2285 1253 2368 innixa,
1278 2306 1344 2351 non

202 2395 313 2480 aliqua
340 2397 391 2460 rel
418 2397 625 2482 neglegentia
652 2396 704 2461 rel
732 2394 983 2479 intemperantia
1010 2393 1207 2477 migrantur,
1239 2392 1294 2457 sed
1325 2416 1345 2457 a

202 2503 377 2567 scientibus
407 2509 439 2568 et
467 2503 650 2569 volentibus
677 2502 857 2568 illuduntur
882 2501 953 2585 pari
980 2499 1173 2564 insolentiae
1200 2498 1344 2564 libidine.

199 2607 314 2693 Itaque
343 2631 415 2674 cum
443 2631 545 2693 nuper
572 2630 710 2693 pompae
738 2607 885 2693 publicae
917 2606 1092 2670 nocturnae
1124 2605 1345 2688 sollemnitati,

201 2715 331 2799 qualem
358 2715 429 2780 fieri
457 2715 520 2778 nisi
548 2714 643 2778 venia
669 2714 845 2798 impetrata
872 2714 961 2797 leges
989 2715 1115 2794 vetant,
1148 2713 1296 2795 quamvis
1325 2737 1344 2778 a

202 2842 328 2886 summo
352 2821 574 2886 universitatis
600 2820 794 2905 magistratu
822 2819 999 2906 denegatae
1023 2824 1055 2883 et
1079 2819 1223 2904 graviter
1247 2820 1343 2885 inter-

201 2925 321 3011 dictae,
354 2933 465 2992 tamen
498 2948 616 3012 magna
643 2949 700 3010 per
727 2926 840 2991 urbem
873 2926 1131 2993 concurrentium
1162 2925 1345 3011 frequentia

201 3039 242 3117 et,
266 3032 352 3119 quod
371 3035 507 3099 vetitum
527 3039 597 3099 erat
616 3034 786 3118 imprimis,
808 3034 898 3098 tibiis
918 3034 1069 3118 tubisque
1088 3035 1344 3114 concinentibus,

202 3140 292 3206 locus
320 3140 415 3206 datus
439 3147 538 3206 esset:
577 3142 644 3205 eius
669 3146 778 3207 autem
801 3141 1053 3224 pertinacissimi
1076 3141 1230 3205 facinoris
1253 3163 1343 3224 prae·

200 3247 313 3331 cipuus
345 3245 476 3331 quidam
506 3252 619 3312 auctor
648 3251 682 3312 et
710 3271 768 3313 suo
800 3254 833 3313 et
863 3247 1001 3314 aliorum
1024 3247 1221 3312 testimoniis
1246 3269 1343 3331 appa·

199 3354 320 3418 ruisset
336 3354 348 3438 ll
365 3352 404 3419 N.
423 3353 458 3420 P.
475 3353 486 3437 ΙΙ
503 3353 697 3438 Kempensis
715 3352 726 3436 ΙΙ
744 3353 922 3418 medicinae
946 3354 1122 3419 studiosus:
1140 3354 1151 3436 ΙΙ
1169 3352 1255 3417 hunc
1278 3375 1343 3416 non

200 3461 366 3547 potuimus
395 3460 473 3546 quin
500 3460 609 3547 legum
638 3460 825 3525 auctoritati
852 3459 1012 3543 huiusque
1036 3459 1256 3524 universitatis
1280 3459 1344 3523 exi·

200 3566 382 3633 etimationi
411 3567 590 3632 consulturi
619 3589 638 3630 a
666 3566 784 3630 civium
811 3569 997 3631 nostrorum
1022 3566 1178 3630 societate
1202 3586 1342 3629 remove·

198 3695 308 3738 remus
333 3676 366 3737 et
388 3673 430 3738 ab
454 3673 514 3738 hac
537 3673 719 3737 litterarum
743 3671 817 3737 sede
840 3672 1066 3756 relegeremus.
1101 3670 1192 3748 Quod
1216 3675 1253 3736 ut
1276 3693 1342 3735 om·

200 3802 268 3865 nes,
292 3802 429 3865 quorum
453 3780 596 3863 interest,
619 3784 818 3864 cognoscant
837 3782 1030 3862 strenueque
1048 3778 1232 3844 vindicatae
1251 3778 1342 3843 disci-

198 3887 308 3972 plinae
332 3887 497 3972 publicum
521 3886 749 3952 documentum
772 3890 887 3970 exstet,
910 3886 1119 3971 relegationis
1142 3885 1291 3971 exempla
1310 3889 1343 3950 et

199 3993 321 4059 nostris
349 3992 453 4058 valvis
483 3993 574 4079 affigi
602 3998 635 4058 et
662 4015 735 4058 cunr
763 3993 877 4057 ceteris
907 3993 1080 4058 academiis
1112 3993 1173 4058 hoo
1205 3993 1341 4057 consilio

199 4100 375 4166 foederatis
408 4099 640 4166 communicari
673 4100 834 4165 iussimus.
901 4099 1039 4185 Egimus
1062 4099 1196 4165 Bonnae
1226 4100 1255 4165 d.
1279 4098 1342 4164 VII

199 4230 242 4274 m.
264 4205 360 4273 Mart
384 4231 412 4272 a
435 4224 775 4274 c1orocucxxxxv1111.
