2962 5032
485 314 582 360 'VEIT
607 315 753 362 WERLEB
776 315 839 364 Ans
863 315 1005 364 1³00st

433 450 577 522 Continet,
595 456 627 508 al
645 472 741 509 rernm
760 455 915 525 relligionis
934 472 1017 526 opus:
1075 516 1083 531 ⁶

396 540 448 595 Illo
466 541 534 610 qnid
552 543 646 612 poluit
663 544 752 614 magis
770 543 906 600 disertum

430 630 515 685 Esse?
552 630 575 685 0
594 631 700 702 ingenii
718 633 811 702 gratis
828 650 932 704 mogus
950 633 1004 688 tui!

394 719 470 776 Naso
489 720 530 776 ric
548 721 674 790 loquitur
692 722 795 777 'l'ornos
813 723 891 779 edire

430 810 494 866 Non
512 810 603 865 iussus
621 827 673 865 nec
692 812 785 867 adhuc
804 812 929 868 Caesarie
947 812 990 867 ire
1007 812 1074 881 suit3

394 899 440 953 Sic
458 899 571 954 doctum
590 900 673 956 uideo
691 900 770 970 loqui
789 901 943 970 Catullum

430 988 476 1043 Sic
495 991 539 1043 est
556 989 718 1044 Rhomunus
737 1007 841 1059 sermo,
860 991 985 1062 Tibulle,
1004 994 1082 1062 lnus3

353 1086 356 1098 ’
393 1076 440 1132 Sic
458 1077 555 1132 Ruffus
571 1077 679 1135 nitidus
697 1078 914 1150 Propertinsque

428 1167 600 1237 suaviloqua
617 1168 714 1224 faciles
733 1186 800 1225 voce
819 1169 920 1226 dedere
939 1170 1050 1241 modos;

391 1257 469 1312 Talis
488 1258 618 1313 Nestorei
635 1259 710 1314 senis
729 1259 842 1329 loquela

426 1344 540 1401 Dulcior
558 1346 667 1417 Hybleo
686 1347 768 1403 fluxit
786 1348 822 1403 eb
841 1364 888 1404 cre
906 1348 986 1416 surm

390 1436 427 1490 st
444 1435 517 1490 isles
535 1453 666 1492 numeros
684 1434 763 1493 dedit
780 1437 911 1506 Pericles,

427 1526 458 1580 In
477 1525 556 1579 cuius
574 1524 661 1579 labris
680 1526 763 1582 Pitho
782 1543 885 1583 cunoru
902 1527 965 1582 snitu

389 1612 460 1668 Turn
479 1614 570 1668 clerus
590 1612 683 1668 Siculo
702 1632 785 1669 sonus
803 1614 942 1686 profundo

424 1702 569 1758 Continuit
586 1701 703 1757 miserus
722 1703 752 1758 in
770 1720 820 1758 suu
838 1704 942 1758 dumus
959 1705 1048 1771 retes3

389 1791 435 1845 Sic
452 1791 567 1846 leudem
586 1791 733 1858 querulum
751 1791 813 1862 lyra
831 1791 924 1848 ciebat

423 1880 550 1934 Murmur
567 1878 604 1932 ad
623 1879 728 1947 Ionius,
746 1880 846 1935 doctus
866 1881 964 1950 Arion,
983 1895 1085 1949 sques3

388 1968 459 2023 Tum
477 1968 558 2024 dulce
577 1968 700 2024 Ismariis
718 1971 803 2040 poete
820 1971 849 2024 in
868 1970 923 2026 oris

423 2057 537 2128 Cuntel,
557 2075 642 2126 quum
661 2057 748 2112 sublii
765 2058 825 2113 fols
843 2061 971 2130 cruente,
989 2060 1091 2129 melos;

389 2147 449 2203 Nec
467 2147 559 2202 foenix
578 2146 655 2202 eliud
675 2163 744 2217 rogo
762 2147 944 2224 propinquus,

424 2236 487 2291 Non
505 2234 583 2289 uliud
601 2234 702 2289 recinit
719 2233 815 2291 funere
834 2253 946 2293 carmen
965 2236 1045 2293 Olor:

387 2324 477 2391 Quem
496 2326 549 2380 hoc
568 2324 717 2393 quodiam
736 2325 834 2380 Latiae
852 2326 944 2382 nitore
962 2326 1077 2398 linguae

420 2413 559 2482 Periuria,
577 2412 702 2468 Hess'mci
720 2413 797 2469 semu
815 2414 955 2484 decusque
974 2414 1035 2474 soli.

384 2504 459 2574 Ergo
477 2506 644 2574 perpetuum
663 2502 735 2558 feres
754 2503 890 2560 honorem

419 2592 456 2647 El
472 2595 523 2647 tue
541 2592 595 2647 erit
611 2592 689 2647 nullo
709 2592 789 2647 ldnss
807 2593 918 2664 sepulte
936 2594 1011 2662 loco;

383 2681 513 2751 Namque
532 2681 606 2735 inter
622 2680 728 2737 nitidos
746 2681 799 2736 tibi
817 2685 917 2752 poetes

419 2770 572 2827 Poelerilus
591 2769 712 2840 primum
731 2769 781 2825 dul
798 2770 958 2827 venerenda
977 2771 1105 2842 gradum,

383 2861 501 2916 Necnon
519 2863 620 2916 cuncte
638 2860 715 2930 leget
732 2859 815 2914 nimis
834 2860 995 2930 frequenter

418 2951 513 3005 Divite
531 2950 567 3005 de
585 2966 658 3005 rene
677 2965 748 3017 quae
768 2947 821 3002 tibi
839 2948 945 3019 scriptu
962 2948 1060 3003 fluunt.

381 3040 423 3093 Tu
442 3038 502 3094 viti
519 3039 627 3094 intereo
645 3054 752 3093 memor
770 3036 882 3107 sodalis,

418 3129 479 3194 Quo
497 3127 551 3183 libi
569 3144 624 3184 non
643 3129 715 3183 ulier
733 3127 855 3183 iunctior
873 3145 933 3184 esse
952 3129 1056 3198 potest,

382 3218 427 3272 Sic
446 3219 556 3287 comple
575 3217 684 3287 Pylium
703 3215 751 3271 din
770 3218 912 3272 senectam

416 3306 452 3362 Et
471 3306 586 3376 capiunt
603 3305 669 3360 unni
688 3308 817 3376 tempore
835 3305 921 3378 longe
938 3307 994 3373 ini3

380 3396 447 3450 Post
465 3395 540 3450 ritae
560 3395 686 3465 spacium
705 3394 781 3448 Deus
799 3410 850 3463 per
867 3411 969 3450 uerum

416 3485 472 3540 Dei
489 3485 577 3539 lentis
596 3483 703 3539 meritis
723 3500 840 3538 munera
857 3483 944 3554 dignu
962 3485 1026 3541 luis.

380 3574 439 3627 Hoc
458 3591 508 3643 pro
527 3576 556 3628 te
576 3572 700 3642 rugiunt
717 3589 787 3642 puer
805 3588 953 3642 senexque,

413 3663 490 3717 Haec
510 3663 596 3718 etiem
615 3662 675 3718 voti
694 3678 816 3730 summu,
834 3661 962 3731 Eobune,
982 3663 1037 3718 mei
1055 3666 1106 3718 est.

238 3980 282 4052 [ln
296 3983 367 4037 eben
381 3982 487 4036 diesen
500 3982 595 4036 Buchc
609 3982 659 4036 des
673 3982 804 4037 Ecbunus
822 3982 900 4036 steht
912 3982 985 4036 nach
999 3981 1077 4037 Blutt
1088 3988 1137 4036 loo
1152 3982 1238 4052 (Cusi
1249 3983 1314 4052 VII)

165 4072 218 4126 auf
234 4070 301 4125 zwei
320 4070 398 4125 nicht
415 4071 586 4126 numeririen
605 4072 732 4127 Biltlern
751 4069 838 4140 (Sign.
853 4069 902 4124 des
921 4072 1014 4125 ersten
1027 4071 1149 4127 Bruttus:
1168 4071 1245 4141 Vlll)
1266 4074 1315 4128 ein

164 4160 285 4215 Gedichl
302 4176 356 4214 von
376 4160 506 4215 Eobunus
525 4177 561 4214 un
580 4160 702 4228 Werler,
721 4159 842 4213 welches
860 4159 933 4213 euch
951 4159 1005 4212 mit
1022 4159 1136 4231 einigcn
1154 4161 1314 4216 Vnriunten

164 4247 331 4302 wiederholl
353 4249 392 4302 ist
413 4251 441 4304 in
465 4251 530 4304 dem
550 4249 660 4303 Drucke
688 4248 780 4302 ‘Helii
798 4247 907 4303 Eobsni
924 4248 1007 4302 Heesi
1026 4249 1193 4319 Furrugines
1217 4250 1310 4306 dnee'

163 4338 253 4392 Halae
273 4337 354 4393 Suev.
376 4345 443 4392 1539
467 4339 518 4394 uns
534 4337 593 4393 Fcl.
613 4336 686 4392 243b
704 4337 748 4392 bis
768 4337 993 4392 ‘irremissum
1013 4337 1102 4393 Tilel:
1132 4337 1188 4393 ‘Ad
1211 4339 1311 4395 Vitnm

163 4426 328 4482 Vnerlcrum
351 4426 484 4482 virtulem
513 4427 636 4483 iuvidiee
660 4426 810 4482 obnoxium
833 4426 914 4482 esse!
952 4427 1000 4482 lch
1025 4426 1099 4483 lesse
1122 4428 1195 4484 auch
1219 4428 1311 4485 dieses
