2962 5032
243 296 308 360 522
532 311 793 361 racanoouaun
817 312 864 358 ne
887 311 1097 359 rumorosus

242 455 331 519 Idem
357 460 466 520 autem
489 455 568 519 illud
592 455 625 519 in
649 476 677 519 v.
701 455 766 519 269
777 476 823 538 sq.
847 454 934 519 cadit
957 454 1078 518 usitato
1107 454 1221 520 ordine
1245 476 1321 519 sese
1345 475 1396 518 ex·

243 563 414 646 cipientes:

403 692 436 756 Si
448 704 544 757 tumen
557 720 627 772 quos
640 701 757 756 miseros
772 701 896 771 [misere]
916 701 1043 770 maleque
1062 701 1167 756 habeas

403 791 478 858 Quos
514 790 567 846 tibi
599 790 734 847 obnoxios
766 791 871 861 [facile]
891 790 1022 860 lecisti.*)

174 948 228 991 ccc
242 919 292 984 Ne
316 919 393 1004 quid
422 923 529 983 autem
554 918 765 984 dubitationis
794 919 873 983 illud
898 924 1029 984 moveat
1052 918 1137 1003 quod
1161 919 1209 984 ita
1233 920 1398 985 contrarii

241 1027 502 1093 collocandorum
535 1048 686 1091 versuum
720 1026 848 1092 ordines
881 1028 987 1092 locum
1020 1027 1173 1092 habuisse
1206 1025 1242 1090 in
1276 1025 1395 1091 eodem

241 1135 383 1199 carmine
411 1133 548 1216 putandi
577 1138 666 1198 sunt:
701 1133 867 1199 sciendum
898 1136 948 1197 est
977 1155 1048 1198 eam
1072 1135 1178 1220 ipsam
1201 1133 1396 1199 inconstan-

241 1241 322 1308 tiem
346 1241 396 1305 vel
419 1245 606 1306 nostrorum
630 1241 775 1306 codicum
794 1242 941 1324 exemplo
966 1241 1172 1307 manifestam
1191 1262 1277 1307 esse:
1305 1242 1396 1325 quod

241 1350 336 1433 quale
360 1348 492 1412 sitiam
515 1347 737 1431 explicandum
763 1370 832 1413 csse
856 1348 949 1413 video
973 1349 1163 1413 accuratius.

329 1453 416 1518 Nom
445 1458 481 1518 ut
509 1454 655 1520 codicum
679 1455 812 1519 mss'in
835 1455 897 1521 hoc
920 1477 1051 1541 genere,
1079 1455 1165 1540 quod
1188 1456 1230 1520 ad
1259 1456 1395 1523 liberio

240 1584 313 1625 rum
336 1564 513 1626 metrorum
536 1562 778 1645 discriptionem
801 1567 940 1647 spectat,
967 1585 1033 1628 uon
1061 1563 1104 1628 sit
1127 1584 1255 1627 summa
1279 1566 1395 1627 aucto-

240 1668 337 1752 ritas,
368 1671 480 1732 tamen
511 1669 613 1733 multo
645 1668 743 1733 etiem
775 1669 882 1733 minus
913 1668 1070 1734 credenda
1102 1673 1152 1733 est
1183 1669 1274 1733 nulla
1311 1690 1395 1734 esse.

240 1773 289 1838 Dc
313 1774 529 1840 Ambrosiano
553 1779 586 1840 et
609 1775 719 1840 Veteri
738 1774 886 1841 Palatino
905 1776 939 1841 B
958 1777 1086 1862 loquor:
1110 1797 1184 1839 nam
1203 1779 1393 1841 ceterorum

240 1881 385 1946 omniurn
413 1882 477 1946 iam
507 1905 605 1967 supro
632 1883 698 1947 dixi
726 1905 930 1948 communem
960 1905 1030 1947 esse
1057 1882 1331 1948 honorationem
1357 1890 1395 1949 ut

240 2009 371 2072 prorsus
400 1989 529 2054 sublata
558 1989 761 2074 singulorum
790 2012 941 2054 versuum
969 1989 1176 2054 distinctione
1200 1990 1240 2053 sd
1270 2012 1394 2073 prosae

240 2095 397 2160 orationis
425 2096 565 2180 speciem
593 2098 705 2162 omnia
737 2096 937 2162 continuent.
983 2095 1045 2162 Sed
1072 2096 1104 2160 A
1132 2101 1165 2161 et
1192 2097 1227 2162 Β
1258 2098 1326 2163 etsi
1359 2100 1392 2164 in

239 2201 420 2268 Trinummi
445 2205 571 2268 cantico
596 2227 616 2268 a
639 2226 736 2269 manu
759 2208 875 2288 poetae
899 2226 940 2268 ne
959 2203 1021 2288 ipsi
1041 2204 1169 2288 quidem
1189 2227 1256 2270 non
1275 2206 1392 2290 aliquo

239 2309 413 2374 intervallo
432 2311 564 2393 distent,
588 2315 697 2375 tamen
716 2312 820 2377 altera
838 2333 877 2375 ex
900 2315 993 2394 parte
1016 2311 1148 2395 pristini
1171 2311 1297 2377 ordinis
1317 2314 1391 2396 plu-

239 2415 323 2480 rima
350 2418 489 2502 vestigia
517 2423 701 2501 servarunt,
729 2423 826 2504 atque
854 2419 933 2484 adeo
962 2418 1130 2503 aliquanto
1157 2419 1252 2502 pluro
1279 2420 1391 2486 Vetus

240 2546 335 2608 quarn
355 2523 600 2591 Ambrosianus.
639 2524 738 2590 Cuius
757 2532 866 2591 tamen
886 2526 969 2591 ratio
989 2525 1225 2610 discrepantiae
1245 2528 1389 2610 plerum·

240 2653 301 2713 que
320 2630 400 2695 haec
417 2637 547 2696 tantum
566 2637 623 2716 est,
648 2632 733 2716 quod
753 2655 834 2716 quos
853 2633 907 2696 ille
931 2654 1041 2696 versus
1066 2632 1258 2716 singillatim
1283 2634 1390 2719 scrip·

239 2743 304 2819 tos,
333 2737 385 2801 hic
409 2738 558 2802 binorum
583 2739 616 2801 in
642 2761 740 2802 unum
765 2740 982 2803 contractione
1012 2740 1218 2803 continuatos
1243 2741 1389 2807 exhibet.

238 2844 274 2906 ld
299 2850 406 2909 autom
431 2867 525 2909 omne
554 2845 707 2929 quoniam
731 2845 825 2909 facile
854 2846 1055 2930 intellegitur
1079 2846 1149 2910 sola
1172 2848 1389 2912 annotatione

239 2971 303 3012 nou
328 2951 470 3032 potuisse
495 2952 560 3016 ullo
585 2953 679 3015 modo
700 2953 794 3035 ‹lualc
814 2958 900 3016 esset
919 2953 999 3017 satis
1020 2954 1070 3016 vel
1094 2954 1187 3037 plene
1211 2956 1261 3018 vel
1285 2957 1388 3038 plane

238 3056 427 3140 significari,
454 3059 581 3143 integra
609 3059 755 3141 exempla
779 3063 906 3122 exstare
930 3059 1017 3122 volui
1041 3064 1162 3143 quanta
1186 3062 1296 3144 potuit
1322 3065 1387 3127 fide

237 3168 489 3247 repraesentata,
513 3167 652 3249 primum
679 3166 940 3231 membranarum
966 3166 1270 3232 Ambrosicnarum:
1301 3171 1385 3234 alte·

237 3291 307 3332 rum
333 3269 460 3336 Veteris
485 3275 617 3338 codicis:
642 3275 758 3358 quibus
782 3275 915 3337 tertium
940 3274 1046 3338 addidi
1072 3276 1134 3338 mei
1158 3275 1232 3338 libri
1253 3277 1293 3356 E,
1319 3300 1385 3360 quo

237 3376 275 3439 de
306 3377 471 3444 Vrsiniani
503 3403 628 3464 quoquc
660 3381 753 3465 cique
783 3380 941 3443 simillimi
970 3379 1137 3445 Decurtati
1169 3381 1275 3444 indole
1307 3406 1384 3447 eon·

237 3489 347 3550 staret.
394 3485 538 3561 Quorum
562 3488 781 3570 exemplorum
804 3487 889 3549 inter
918 3509 952 3550 se
980 3487 1154 3551 collatione
1183 3488 1294 3570 simul,
1325 3512 1385 3572 per

236 3616 317 3677 quos
346 3597 513 3676 tamquam
547 3594 665 3676 gradus
696 3595 898 3659 saeculorum
929 3593 1065 3657 decursu
1096 3595 1283 3678 depravatio
1315 3618 1382 3660 cre-

236 3700 329 3782 verit,
353 3699 477 3763 utiliter
501 3721 571 3763 esse
595 3704 670 3763 ante
695 3700 805 3764 oculos
830 3700 973 3783 positum
998 3700 1211 3785 existimo.**)

113 3847 223 3890 cccxlv
326 3806 448 3871 Horum
473 3807 574 3890 igitur
598 3808 816 3890 exemplorum
841 3828 902 3891 ope
926 3809 988 3873 etsi
1013 3808 1221 3872 Ambrosiam
1237 3810 1381 3873 Veteris-

236 3938 301 4016 (μωΙ
326 3937 399 3978 cum
427 3914 676 3996 discrepantiam
706 3918 775 3977 tum
806 3915 1079 3991 convenientiam,
1109 3914 1163 3998 qui
1192 3915 1293 3997 volet,
1323 3938 1381 3980 nce

341 4161 367 4227 ²¹)
386 4161 472 4230 [Quiris
490 4161 541 4215 libi
558 4160 648 4228 fecisti
666 4162 796 4215 obmiaeios
814 4161 914 4229 Trin.²]

324 4249 365 4317 **)
386 4249 473 4319 [Haec
497 4249 624 4304 codicum
649 4250 776 4319 exempla
798 4249 863 4304 inde
887 4268 949 4320 ap.
969 4266 1031 4305 (¹001
1055 4269 1143 4320 nsque
1166 4253 1246 4322 adp.
1267 4267 1380 4307 cccxiii

236 4339 328 4406 posita
359 4356 430 4392 nunc
458 4341 610 4406 potuerunt
637 4339 743 4405 omitti,
768 4357 830 4392 cnm
856 4340 981 4394 correcta
1007 4340 1035 4393 in
1060 4338 1232 4408 praefatione
1260 4342 1379 4396 alterins

235 4425 390 4479 Trinummi
409 4425 541 4481 editionis
560 4427 690 4497 legantur
708 4446 734 4496 p.
754 4429 997 4497 xxm-ruvo]
