<?xml version="1.0" encoding="UTF-8"?>
<!DOCTYPE html PUBLIC "-//W3C//DTD XHTML 1.0 Transitional//EN"
    "http://www.w3.org/TR/xhtml1/DTD/xhtml1-transitional.dtd">
<html xmlns="http://www.w3.org/1999/xhtml" xml:lang="en" lang="en">
 <head>
  <title>
</title>
<meta http-equiv="Content-Type" content="text/html;charset=utf-8" />
  <meta name='ocr-system' content='tesseract 3.04.00' />
  <meta name='ocr-capabilities' content='ocr_page ocr_carea ocr_par ocr_line ocrx_word'/>
</head>
<body>
  <div class='ocr_page' id='page_1' title='image "./fridericiritsch02wachgoog_0702.png"; bbox 0 0 2962 5032; ppageno 0'>
   <div class='ocr_carea' id='block_1_1' title="bbox 547 314 1310 379">
    <p class='ocr_par' dir='ltr' id='par_1_1' title="bbox 547 314 1310 379">
     <span class='ocr_line' id='line_1_1' title="bbox 547 314 1310 379; baseline 0 -2"><span class='ocrx_word' id='word_1_1' title='bbox 547 331 781 379; x_wconf 73' lang='lat' dir='ltr'>narnlmscua</span> <span class='ocrx_word' id='word_1_2' title='bbox 805 331 935 378; x_wconf 76' lang='lat' dir='ltr'>sanna.</span> <span class='ocrx_word' id='word_1_3' title='bbox 1245 314 1310 378; x_wconf 88' lang='lat'>683</span> 
     </span>
    </p>
   </div>
   <div class='ocr_carea' id='block_1_2' title="bbox 119 471 1312 4513">
    <p class='ocr_par' dir='ltr' id='par_1_2' title="bbox 119 471 1312 4513">
     <span class='ocr_line' id='line_1_2' title="bbox 165 471 1308 559; baseline 0.002 -24"><span class='ocrx_word' id='word_1_4' title='bbox 165 493 238 536; x_wconf 84' lang='lat' dir='ltr'>vem</span> <span class='ocrx_word' id='word_1_5' title='bbox 262 477 296 537; x_wconf 85' lang='lat' dir='ltr'>ct</span> <span class='ocrx_word' id='word_1_6' title='bbox 319 471 404 554; x_wconf 90' lang='lat' dir='ltr'>quod</span> <span class='ocrx_word' id='word_1_7' title='bbox 428 471 553 537; x_wconf 84' lang='lat' dir='ltr'>excedit</span> <span class='ocrx_word' id='word_1_8' title='bbox 571 474 675 539; x_wconf 90' lang='lat' dir='ltr'>lustra</span> <span class='ocrx_word' id='word_1_9' title='bbox 692 474 804 538; x_wconf 87' lang='lat' dir='ltr'>oblata</span> <span class='ocrx_word' id='word_1_10' title='bbox 822 477 882 557; x_wconf 90' lang='lat' dir='ltr'>est,</span> <span class='ocrx_word' id='word_1_11' title='bbox 905 496 1002 558; x_wconf 87' lang='lat' dir='ltr'>quarn</span> <span class='ocrx_word' id='word_1_12' title='bbox 1022 473 1107 558; x_wconf 87' lang='lat' dir='ltr'>quod</span> <span class='ocrx_word' id='word_1_13' title='bbox 1126 473 1308 559; x_wconf 85' lang='lat' dir='ltr'>litterarum</span> 
     </span>
     <span class='ocr_line' id='line_1_3' title="bbox 167 576 1308 664; baseline 0.001 -21"><span class='ocrx_word' id='word_1_14' title='bbox 167 576 320 644; x_wconf 69' lang='lat' dir='ltr'>mactatio</span> <span class='ocrx_word' id='word_1_15' title='bbox 343 577 471 643; x_wconf 91' lang='lat' dir='ltr'>iubetur</span> <span class='ocrx_word' id='word_1_16' title='bbox 492 601 558 644; x_wconf 88' lang='lat' dir='ltr'>non</span> <span class='ocrx_word' id='word_1_17' title='bbox 583 580 667 645; x_wconf 87' lang='lat' dir='ltr'>vitae</span> <span class='ocrx_word' id='word_1_18' title='bbox 690 579 799 663; x_wconf 91' lang='lat' dir='ltr'>potius</span> <span class='ocrx_word' id='word_1_19' title='bbox 823 580 934 644; x_wconf 89' lang='lat' dir='ltr'>usibus</span> <span class='ocrx_word' id='word_1_20' title='bbox 959 580 1102 645; x_wconf 83' lang='lat' dir='ltr'>serviens</span> <span class='ocrx_word' id='word_1_21' title='bbox 1122 579 1231 664; x_wconf 90' lang='lat' dir='ltr'>reique</span> <span class='ocrx_word' id='word_1_22' title='bbox 1250 602 1308 663; x_wconf 92' lang='lat' dir='ltr'>pu·</span> 
     </span>
     <span class='ocr_line' id='line_1_4' title="bbox 165 671 1307 769; baseline 0.004 -21"><span class='ocrx_word' id='word_1_23' title='bbox 165 684 270 749; x_wconf 86' lang='lat' dir='ltr'>blicae</span> <span class='ocrx_word' id='word_1_24' title='bbox 297 671 546 752; x_wconf 81' lang='lat' dir='ltr'>necessitatibus</span> <span class='ocrx_word' id='word_1_25' title='bbox 575 691 608 751; x_wconf 87' lang='lat' dir='ltr'>et</span> <span class='ocrx_word' id='word_1_26' title='bbox 635 685 736 751; x_wconf 82' lang='lat' dir='ltr'>futuri</span> <span class='ocrx_word' id='word_1_27' title='bbox 765 686 940 752; x_wconf 87' lang='lat' dir='ltr'>ministerii</span> <span class='ocrx_word' id='word_1_28' title='bbox 964 685 1092 769; x_wconf 85' lang='lat' dir='ltr'>officiis,</span> <span class='ocrx_word' id='word_1_29' title='bbox 1124 685 1179 750; x_wconf 89' lang='lat' dir='ltr'>sed</span> <span class='ocrx_word' id='word_1_30' title='bbox 1208 709 1307 752; x_wconf 91' lang='lat' dir='ltr'>unam</span> 
     </span>
     <span class='ocr_line' id='line_1_5' title="bbox 165 791 1308 878; baseline 0.001 -21"><span class='ocrx_word' id='word_1_31' title='bbox 165 791 336 857; x_wconf 83' lang='lat' dir='ltr'>veritatem</span> <span class='ocrx_word' id='word_1_32' title='bbox 371 795 499 857; x_wconf 82' lang='lat' dir='ltr'>sectans</span> <span class='ocrx_word' id='word_1_33' title='bbox 535 792 692 878; x_wconf 91' lang='lat' dir='ltr'>uniusque</span> <span class='ocrx_word' id='word_1_34' title='bbox 728 794 874 858; x_wconf 83' lang='lat' dir='ltr'>veritatis</span> <span class='ocrx_word' id='word_1_35' title='bbox 913 794 1048 859; x_wconf 87' lang='lat' dir='ltr'>arbitrio</span> <span class='ocrx_word' id='word_1_36' title='bbox 1087 815 1221 877; x_wconf 90' lang='lat' dir='ltr'>parens,</span> <span class='ocrx_word' id='word_1_37' title='bbox 1257 794 1308 858; x_wconf 92' lang='lat' dir='ltr'>vel</span> 
     </span>
     <span class='ocr_line' id='line_1_6' title="bbox 165 897 1307 984; baseline 0.001 -21"><span class='ocrx_word' id='word_1_38' title='bbox 165 900 201 964; x_wconf 92' lang='lat' dir='ltr'>ut</span> <span class='ocrx_word' id='word_1_39' title='bbox 232 920 298 963; x_wconf 90' lang='lat' dir='ltr'>uno</span> <span class='ocrx_word' id='word_1_40' title='bbox 327 897 423 963; x_wconf 82' lang='lat' dir='ltr'>verbo</span> <span class='ocrx_word' id='word_1_41' title='bbox 457 898 578 984; x_wconf 89' lang='lat' dir='ltr'>dicam,</span> <span class='ocrx_word' id='word_1_42' title='bbox 609 900 792 965; x_wconf 88' lang='lat' dir='ltr'>litterarum</span> <span class='ocrx_word' id='word_1_43' title='bbox 825 900 977 966; x_wconf 88' lang='lat' dir='ltr'>tractatio</span> <span class='ocrx_word' id='word_1_44' title='bbox 1009 921 1083 966; x_wconf 85' lang='lat' dir='ltr'>vere</span> <span class='ocrx_word' id='word_1_45' title='bbox 1116 899 1307 964; x_wconf 86' lang='lat' dir='ltr'>liberalis.</span> 
     </span>
     <span class='ocr_line' id='line_1_7' title="bbox 164 1003 1308 1092; baseline 0.003 -23"><span class='ocrx_word' id='word_1_46' title='bbox 164 1003 240 1071; x_wconf 91' lang='lat' dir='ltr'>Non</span> <span class='ocrx_word' id='word_1_47' title='bbox 271 1025 332 1090; x_wconf 83' lang='lat' dir='ltr'>ego</span> <span class='ocrx_word' id='word_1_48' title='bbox 361 1006 507 1090; x_wconf 86' lang='lat' dir='ltr'>prefecto</span> <span class='ocrx_word' id='word_1_49' title='bbox 539 1007 567 1071; x_wconf 87' lang='lat' dir='ltr'>is</span> <span class='ocrx_word' id='word_1_50' title='bbox 599 1029 669 1071; x_wconf 92' lang='lat' dir='ltr'>sum</span> <span class='ocrx_word' id='word_1_51' title='bbox 676 1058 685 1091; x_wconf 96' lang='lat'>,</span> <span class='ocrx_word' id='word_1_52' title='bbox 718 1007 774 1092; x_wconf 88' lang='lat' dir='ltr'>qui</span> <span class='ocrx_word' id='word_1_53' title='bbox 804 1028 871 1072; x_wconf 91' lang='lat' dir='ltr'>non</span> <span class='ocrx_word' id='word_1_54' title='bbox 899 1003 990 1073; x_wconf 86' lang='lat' dir='ltr'>illani</span> <span class='ocrx_word' id='word_1_55' title='bbox 1019 1029 1145 1092; x_wconf 87' lang='lat' dir='ltr'>quoque</span> <span class='ocrx_word' id='word_1_56' title='bbox 1169 1007 1308 1090; x_wconf 80' lang='lat' dir='ltr'>priorem</span> 
     </span>
     <span class='ocr_line' id='line_1_8' title="bbox 165 1111 1308 1200; baseline 0.003 -24"><span class='ocrx_word' id='word_1_57' title='bbox 165 1111 343 1177; x_wconf 75' lang='lat' dir='ltr'>utilitatem</span> <span class='ocrx_word' id='word_1_58' title='bbox 366 1114 516 1199; x_wconf 88' lang='lat' dir='ltr'>probem;</span> <span class='ocrx_word' id='word_1_59' title='bbox 544 1135 620 1178; x_wconf 89' lang='lat' dir='ltr'>narn</span> <span class='ocrx_word' id='word_1_60' title='bbox 643 1117 681 1178; x_wconf 90' lang='lat' dir='ltr'>ut</span> <span class='ocrx_word' id='word_1_61' title='bbox 702 1115 815 1198; x_wconf 82' lang='lat' dir='ltr'>paucis</span> <span class='ocrx_word' id='word_1_62' title='bbox 839 1114 1078 1200; x_wconf 88' lang='lat' dir='ltr'>amplissimum</span> <span class='ocrx_word' id='word_1_63' title='bbox 1102 1136 1178 1179; x_wconf 87' lang='lat' dir='ltr'>saue</span> <span class='ocrx_word' id='word_1_64' title='bbox 1201 1114 1308 1179; x_wconf 89' lang='lat' dir='ltr'>locum</span> 
     </span>
     <span class='ocr_line' id='line_1_9' title="bbox 165 1219 1307 1306; baseline 0 -20"><span class='ocrx_word' id='word_1_65' title='bbox 165 1219 375 1303; x_wconf 89' lang='lat' dir='ltr'>complectar,</span> <span class='ocrx_word' id='word_1_66' title='bbox 398 1221 425 1284; x_wconf 89' lang='lat' dir='ltr'>si</span> <span class='ocrx_word' id='word_1_67' title='bbox 445 1220 486 1284; x_wconf 89' lang='lat' dir='ltr'>ab</span> <span class='ocrx_word' id='word_1_68' title='bbox 506 1220 562 1305; x_wconf 89' lang='lat' dir='ltr'>eis,</span> <span class='ocrx_word' id='word_1_69' title='bbox 586 1242 668 1306; x_wconf 86' lang='lat' dir='ltr'>quae</span> <span class='ocrx_word' id='word_1_70' title='bbox 687 1242 761 1286; x_wconf 85' lang='lat' dir='ltr'>vere</span> <span class='ocrx_word' id='word_1_71' title='bbox 779 1222 867 1286; x_wconf 90' lang='lat' dir='ltr'>bona</span> <span class='ocrx_word' id='word_1_72' title='bbox 890 1224 975 1305; x_wconf 88' lang='lat' dir='ltr'>sunt,</span> <span class='ocrx_word' id='word_1_73' title='bbox 999 1242 1108 1286; x_wconf 89' lang='lat' dir='ltr'>veram</span> <span class='ocrx_word' id='word_1_74' title='bbox 1132 1221 1307 1286; x_wconf 83' lang='lat' dir='ltr'>utilitatem</span> 
     </span>
     <span class='ocr_line' id='line_1_10' title="bbox 119 1325 1307 1412; baseline -0.001 -20"><span class='ocrx_word' id='word_1_75' title='bbox 119 1331 126 1337; x_wconf 84' lang='lat'>&#39;</span> <span class='ocrx_word' id='word_1_76' title='bbox 165 1325 331 1412; x_wconf 78' lang='lat' dir='ltr'>segregari</span> <span class='ocrx_word' id='word_1_77' title='bbox 354 1347 420 1390; x_wconf 92' lang='lat' dir='ltr'>non</span> <span class='ocrx_word' id='word_1_78' title='bbox 442 1346 539 1409; x_wconf 88' lang='lat' dir='ltr'>posse</span> <span class='ocrx_word' id='word_1_79' title='bbox 563 1326 739 1410; x_wconf 87' lang='lat' dir='ltr'>considero,</span> <span class='ocrx_word' id='word_1_80' title='bbox 764 1327 862 1392; x_wconf 89' lang='lat' dir='ltr'>etiam</span> <span class='ocrx_word' id='word_1_81' title='bbox 887 1327 1014 1395; x_wconf 81' lang='lat' dir='ltr'>litteras</span> <span class='ocrx_word' id='word_1_82' title='bbox 1039 1349 1109 1392; x_wconf 87' lang='lat' dir='ltr'>esse</span> <span class='ocrx_word' id='word_1_83' title='bbox 1134 1328 1229 1392; x_wconf 88' lang='lat' dir='ltr'>utiles</span> <span class='ocrx_word' id='word_1_84' title='bbox 1253 1328 1307 1392; x_wconf 89' lang='lat' dir='ltr'>de-</span> 
     </span>
     <span class='ocr_line' id='line_1_11' title="bbox 165 1431 1306 1518; baseline -0.001 -18"><span class='ocrx_word' id='word_1_85' title='bbox 165 1436 242 1500; x_wconf 84' lang='lat' dir='ltr'>bore</span> <span class='ocrx_word' id='word_1_86' title='bbox 270 1432 361 1518; x_wconf 86' lang='lat' dir='ltr'>¹haud</span> <span class='ocrx_word' id='word_1_87' title='bbox 393 1453 489 1517; x_wconf 84' lang='lat' dir='ltr'>aegre</span> <span class='ocrx_word' id='word_1_88' title='bbox 523 1432 672 1497; x_wconf 86' lang='lat' dir='ltr'>concedo.</span> <span class='ocrx_word' id='word_1_89' title='bbox 718 1431 781 1498; x_wconf 83' lang='lat' dir='ltr'>Sed</span> <span class='ocrx_word' id='word_1_90' title='bbox 812 1432 891 1498; x_wconf 90' lang='lat' dir='ltr'>haec</span> <span class='ocrx_word' id='word_1_91' title='bbox 920 1433 1047 1498; x_wconf 89' lang='lat' dir='ltr'>utilitas</span> <span class='ocrx_word' id='word_1_92' title='bbox 1078 1456 1150 1499; x_wconf 90' lang='lat' dir='ltr'>cum</span> <span class='ocrx_word' id='word_1_93' title='bbox 1181 1434 1306 1500; x_wconf 90' lang='lat' dir='ltr'>duabus</span> 
     </span>
     <span class='ocr_line' id='line_1_12' title="bbox 164 1538 1309 1627; baseline -0.002 -20"><span class='ocrx_word' id='word_1_94' title='bbox 164 1540 313 1627; x_wconf 88' lang='lat' dir='ltr'>partibus</span> <span class='ocrx_word' id='word_1_95' title='bbox 336 1538 508 1604; x_wconf 80' lang='lat' dir='ltr'>consistat:</span> <span class='ocrx_word' id='word_1_96' title='bbox 541 1539 644 1604; x_wconf 87' lang='lat' dir='ltr'>altera</span> <span class='ocrx_word' id='word_1_97' title='bbox 666 1538 807 1624; x_wconf 90' lang='lat' dir='ltr'>quidem,</span> <span class='ocrx_word' id='word_1_98' title='bbox 840 1561 922 1624; x_wconf 92' lang='lat' dir='ltr'>quae</span> <span class='ocrx_word' id='word_1_99' title='bbox 954 1562 1026 1605; x_wconf 84' lang='lat' dir='ltr'>cunr</span> <span class='ocrx_word' id='word_1_100' title='bbox 1050 1541 1137 1607; x_wconf 85' lang='lat' dir='ltr'>vitae</span> <span class='ocrx_word' id='word_1_101' title='bbox 1161 1541 1309 1606; x_wconf 88' lang='lat' dir='ltr'>cottidia-</span> 
     </span>
     <span class='ocr_line' id='line_1_13' title="bbox 165 1645 1307 1733; baseline -0.001 -19"><span class='ocrx_word' id='word_1_102' title='bbox 165 1670 225 1714; x_wconf 88' lang='lat' dir='ltr'>nae</span> <span class='ocrx_word' id='word_1_103' title='bbox 250 1645 427 1712; x_wconf 87' lang='lat' dir='ltr'>commodis</span> <span class='ocrx_word' id='word_1_104' title='bbox 447 1646 594 1730; x_wconf 86' lang='lat' dir='ltr'>proximo</span> <span class='ocrx_word' id='word_1_105' title='bbox 614 1645 740 1711; x_wconf 83' lang='lat' dir='ltr'>vinculo</span> <span class='ocrx_word' id='word_1_106' title='bbox 760 1647 955 1730; x_wconf 83' lang='lat' dir='ltr'>continetur,</span> <span class='ocrx_word' id='word_1_107' title='bbox 975 1648 1123 1712; x_wconf 73' lang='lat' dir='ltr'>furamur</span> <span class='ocrx_word' id='word_1_108' title='bbox 1140 1652 1307 1733; x_wconf 88' lang='lat' dir='ltr'>tamquam</span> 
     </span>
     <span class='ocr_line' id='line_1_14' title="bbox 166 1753 1309 1840; baseline 0 -21"><span class='ocrx_word' id='word_1_109' title='bbox 166 1753 357 1839; x_wconf 74' lang='lat' dir='ltr'>adventicia,</span> <span class='ocrx_word' id='word_1_110' title='bbox 379 1774 445 1818; x_wconf 93' lang='lat' dir='ltr'>non</span> <span class='ocrx_word' id='word_1_111' title='bbox 467 1757 634 1838; x_wconf 83' lang='lat' dir='ltr'>tamquam</span> <span class='ocrx_word' id='word_1_112' title='bbox 656 1753 844 1838; x_wconf 88' lang='lat' dir='ltr'>primariam</span> <span class='ocrx_word' id='word_1_113' title='bbox 864 1755 1079 1839; x_wconf 84' lang='lat' dir='ltr'>postulemus:</span> <span class='ocrx_word' id='word_1_114' title='bbox 1103 1756 1197 1840; x_wconf 87' lang='lat' dir='ltr'>idque</span> <span class='ocrx_word' id='word_1_115' title='bbox 1216 1755 1309 1820; x_wconf 91' lang='lat' dir='ltr'>nulla</span> 
     </span>
     <span class='ocr_line' id='line_1_15' title="bbox 166 1861 1307 1948; baseline 0 -21"><span class='ocrx_word' id='word_1_116' title='bbox 166 1863 231 1927; x_wconf 90' lang='lat' dir='ltr'>alia</span> <span class='ocrx_word' id='word_1_117' title='bbox 254 1861 294 1926; x_wconf 88' lang='lat' dir='ltr'>de</span> <span class='ocrx_word' id='word_1_118' title='bbox 317 1883 445 1946; x_wconf 84' lang='lat' dir='ltr'>caussa,</span> <span class='ocrx_word' id='word_1_119' title='bbox 466 1861 529 1925; x_wconf 91' lang='lat' dir='ltr'>uisi</span> <span class='ocrx_word' id='word_1_120' title='bbox 553 1861 638 1945; x_wconf 92' lang='lat' dir='ltr'>quod</span> <span class='ocrx_word' id='word_1_121' title='bbox 661 1862 764 1926; x_wconf 91' lang='lat' dir='ltr'>multo</span> <span class='ocrx_word' id='word_1_122' title='bbox 788 1862 876 1947; x_wconf 92' lang='lat' dir='ltr'>plus,</span> <span class='ocrx_word' id='word_1_123' title='bbox 899 1863 1004 1929; x_wconf 91' lang='lat' dir='ltr'>multo</span> <span class='ocrx_word' id='word_1_124' title='bbox 1029 1864 1133 1929; x_wconf 86' lang='lat' dir='ltr'>maius</span> <span class='ocrx_word' id='word_1_125' title='bbox 1157 1862 1307 1948; x_wconf 89' lang='lat' dir='ltr'>quiddam</span> 
     </span>
     <span class='ocr_line' id='line_1_16' title="bbox 165 1968 1309 2055; baseline 0 -22"><span class='ocrx_word' id='word_1_126' title='bbox 165 1971 198 2033; x_wconf 92' lang='lat' dir='ltr'>et</span> <span class='ocrx_word' id='word_1_127' title='bbox 231 1969 329 2034; x_wconf 87' lang='lat' dir='ltr'>latius</span> <span class='ocrx_word' id='word_1_128' title='bbox 361 1971 477 2053; x_wconf 85' lang='lat' dir='ltr'>patens</span> <span class='ocrx_word' id='word_1_129' title='bbox 505 1968 585 2034; x_wconf 90' lang='lat' dir='ltr'>illud</span> <span class='ocrx_word' id='word_1_130' title='bbox 614 1973 676 2051; x_wconf 88' lang='lat' dir='ltr'>est,</span> <span class='ocrx_word' id='word_1_131' title='bbox 706 1968 791 2054; x_wconf 90' lang='lat' dir='ltr'>quod</span> <span class='ocrx_word' id='word_1_132' title='bbox 819 1990 858 2033; x_wconf 84' lang='lat' dir='ltr'>ex</span> <span class='ocrx_word' id='word_1_133' title='bbox 888 1970 993 2035; x_wconf 88' lang='lat' dir='ltr'>altera</span> <span class='ocrx_word' id='word_1_134' title='bbox 1020 1974 1113 2055; x_wconf 90' lang='lat' dir='ltr'>parte</span> <span class='ocrx_word' id='word_1_135' title='bbox 1142 1974 1309 2054; x_wconf 87' lang='lat' dir='ltr'>praestare</span> 
     </span>
     <span class='ocr_line' id='line_1_17' title="bbox 165 2074 1309 2161; baseline 0.002 -22"><span class='ocrx_word' id='word_1_136' title='bbox 165 2075 296 2141; x_wconf 87' lang='lat' dir='ltr'>eaedem</span> <span class='ocrx_word' id='word_1_137' title='bbox 321 2075 448 2139; x_wconf 84' lang='lat' dir='ltr'>litterae</span> <span class='ocrx_word' id='word_1_138' title='bbox 472 2075 619 2160; x_wconf 84' lang='lat' dir='ltr'>ingenita</span> <span class='ocrx_word' id='word_1_139' title='bbox 642 2074 763 2140; x_wconf 87' lang='lat' dir='ltr'>virtute</span> <span class='ocrx_word' id='word_1_140' title='bbox 786 2080 933 2159; x_wconf 88' lang='lat' dir='ltr'>possunt.</span> <span class='ocrx_word' id='word_1_141' title='bbox 963 2077 1071 2161; x_wconf 75' lang='lat' dir='ltr'>Atqm</span> <span class='ocrx_word' id='word_1_142' title='bbox 1095 2076 1188 2159; x_wconf 88' lang='lat' dir='ltr'>hanc,</span> <span class='ocrx_word' id='word_1_143' title='bbox 1212 2099 1309 2160; x_wconf 90' lang='lat' dir='ltr'>quam</span> 
     </span>
     <span class='ocr_line' id='line_1_18' title="bbox 166 2180 1311 2266; baseline 0.001 -20"><span class='ocrx_word' id='word_1_144' title='bbox 166 2204 232 2248; x_wconf 91' lang='lat' dir='ltr'>non</span> <span class='ocrx_word' id='word_1_145' title='bbox 261 2181 444 2264; x_wconf 82' lang='lat' dir='ltr'>fortuitam,</span> <span class='ocrx_word' id='word_1_146' title='bbox 476 2181 531 2245; x_wconf 88' lang='lat' dir='ltr'>sed</span> <span class='ocrx_word' id='word_1_147' title='bbox 561 2203 670 2246; x_wconf 85' lang='lat' dir='ltr'>veram</span> <span class='ocrx_word' id='word_1_148' title='bbox 699 2180 836 2246; x_wconf 89' lang='lat' dir='ltr'>dicimus</span> <span class='ocrx_word' id='word_1_149' title='bbox 866 2185 899 2246; x_wconf 88' lang='lat' dir='ltr'>ct</span> <span class='ocrx_word' id='word_1_150' title='bbox 926 2186 1092 2247; x_wconf 85' lang='lat' dir='ltr'>aeternam</span> <span class='ocrx_word' id='word_1_151' title='bbox 1124 2182 1311 2266; x_wconf 86' lang='lat' dir='ltr'>utilitatem,</span> 
     </span>
     <span class='ocr_line' id='line_1_19' title="bbox 165 2286 1309 2375; baseline 0 -22"><span class='ocrx_word' id='word_1_152' title='bbox 165 2288 290 2375; x_wconf 89' lang='lat' dir='ltr'>ecquis,</span> <span class='ocrx_word' id='word_1_153' title='bbox 312 2309 394 2372; x_wconf 87' lang='lat' dir='ltr'>quae</span> <span class='ocrx_word' id='word_1_154' title='bbox 418 2286 587 2372; x_wconf 90' lang='lat' dir='ltr'>qualisque</span> <span class='ocrx_word' id='word_1_155' title='bbox 611 2288 669 2370; x_wconf 88' lang='lat' dir='ltr'>sit,</span> <span class='ocrx_word' id='word_1_156' title='bbox 692 2309 800 2352; x_wconf 91' lang='lat' dir='ltr'>coram</span> <span class='ocrx_word' id='word_1_157' title='bbox 823 2287 884 2352; x_wconf 88' lang='lat' dir='ltr'>hac</span> <span class='ocrx_word' id='word_1_158' title='bbox 907 2288 1089 2353; x_wconf 86' lang='lat' dir='ltr'>liberalium</span> <span class='ocrx_word' id='word_1_159' title='bbox 1113 2292 1146 2353; x_wconf 89' lang='lat' dir='ltr'>et</span> <span class='ocrx_word' id='word_1_160' title='bbox 1168 2293 1205 2352; x_wconf 92' lang='lat' dir='ltr'>ut</span> <span class='ocrx_word' id='word_1_161' title='bbox 1227 2294 1309 2372; x_wconf 91' lang='lat' dir='ltr'>puto</span> 
     </span>
     <span class='ocr_line' id='line_1_20' title="bbox 165 2394 1309 2480; baseline -0.003 -17"><span class='ocrx_word' id='word_1_162' title='bbox 165 2395 437 2463; x_wconf 86' lang='lat' dir='ltr'>consentientium</span> <span class='ocrx_word' id='word_1_163' title='bbox 464 2394 633 2460; x_wconf 88' lang='lat' dir='ltr'>hominum</span> <span class='ocrx_word' id='word_1_164' title='bbox 662 2416 782 2460; x_wconf 91' lang='lat' dir='ltr'>corona</span> <span class='ocrx_word' id='word_1_165' title='bbox 809 2395 938 2460; x_wconf 89' lang='lat' dir='ltr'>uberius</span> <span class='ocrx_word' id='word_1_166' title='bbox 966 2394 1222 2480; x_wconf 86' lang='lat' dir='ltr'>persequendum</span> <span class='ocrx_word' id='word_1_167' title='bbox 1252 2417 1309 2478; x_wconf 89' lang='lat' dir='ltr'>pu·</span> 
     </span>
     <span class='ocr_line' id='line_1_21' title="bbox 166 2500 1309 2587; baseline -0.002 -18"><span class='ocrx_word' id='word_1_168' title='bbox 166 2502 235 2569; x_wconf 82' lang='lat' dir='ltr'>tet?</span> <span class='ocrx_word' id='word_1_169' title='bbox 258 2506 293 2568; x_wconf 89' lang='lat' dir='ltr'>et</span> <span class='ocrx_word' id='word_1_170' title='bbox 314 2500 559 2585; x_wconf 88' lang='lat' dir='ltr'>disceptandum</span> <span class='ocrx_word' id='word_1_171' title='bbox 583 2505 750 2586; x_wconf 90' lang='lat' dir='ltr'>tamqnam</span> <span class='ocrx_word' id='word_1_172' title='bbox 775 2502 968 2586; x_wconf 90' lang='lat' dir='ltr'>dubitatum,</span> <span class='ocrx_word' id='word_1_173' title='bbox 992 2501 1076 2587; x_wconf 91' lang='lat' dir='ltr'>quod</span> <span class='ocrx_word' id='word_1_174' title='bbox 1096 2523 1166 2568; x_wconf 89' lang='lat' dir='ltr'>esse</span> <span class='ocrx_word' id='word_1_175' title='bbox 1184 2502 1309 2568; x_wconf 88' lang='lat' dir='ltr'>confes·</span> 
     </span>
     <span class='ocr_line' id='line_1_22' title="bbox 166 2607 1308 2693; baseline -0.002 -17"><span class='ocrx_word' id='word_1_176' title='bbox 166 2633 239 2676; x_wconf 89' lang='lat' dir='ltr'>snm</span> <span class='ocrx_word' id='word_1_177' title='bbox 269 2613 302 2674; x_wconf 91' lang='lat' dir='ltr'>et</span> <span class='ocrx_word' id='word_1_178' title='bbox 331 2607 536 2693; x_wconf 86' lang='lat' dir='ltr'>exploratum</span> <span class='ocrx_word' id='word_1_179' title='bbox 566 2630 623 2673; x_wconf 90' lang='lat' dir='ltr'>vos</span> <span class='ocrx_word' id='word_1_180' title='bbox 655 2613 741 2674; x_wconf 85' lang='lat' dir='ltr'>certe</span> <span class='ocrx_word' id='word_1_181' title='bbox 771 2630 835 2674; x_wconf 92' lang='lat' dir='ltr'>uno</span> <span class='ocrx_word' id='word_1_182' title='bbox 865 2630 920 2674; x_wconf 89' lang='lat' dir='ltr'>ore</span> <span class='ocrx_word' id='word_1_183' title='bbox 948 2609 1118 2674; x_wconf 87' lang='lat' dir='ltr'>clamaturi</span> <span class='ocrx_word' id='word_1_184' title='bbox 1146 2608 1241 2674; x_wconf 80' lang='lat' dir='ltr'>sitis?</span> <span class='ocrx_word' id='word_1_185' title='bbox 1265 2645 1308 2656; x_wconf 90' lang='lat'>—</span> 
     </span>
     <span class='ocr_line' id='line_1_23' title="bbox 167 2715 1309 2803; baseline -0.003 -19"><span class='ocrx_word' id='word_1_186' title='bbox 167 2717 291 2803; x_wconf 86' lang='lat' dir='ltr'>ecquis,</span> <span class='ocrx_word' id='word_1_187' title='bbox 323 2738 396 2782; x_wconf 88' lang='lat' dir='ltr'>curn</span> <span class='ocrx_word' id='word_1_188' title='bbox 424 2737 483 2781; x_wconf 90' lang='lat' dir='ltr'>sua</span> <span class='ocrx_word' id='word_1_189' title='bbox 510 2738 626 2781; x_wconf 85' lang='lat' dir='ltr'>caussa</span> <span class='ocrx_word' id='word_1_190' title='bbox 648 2717 811 2801; x_wconf 89' lang='lat' dir='ltr'>colendas,</span> <span class='ocrx_word' id='word_1_191' title='bbox 844 2715 1050 2799; x_wconf 86' lang='lat' dir='ltr'>exercendas,</span> <span class='ocrx_word' id='word_1_192' title='bbox 1082 2717 1309 2802; x_wconf 80' lang='lat' dir='ltr'>propagandas</span> 
     </span>
     <span class='ocr_line' id='line_1_24' title="bbox 165 2823 1309 2908; baseline 0 -20"><span class='ocrx_word' id='word_1_193' title='bbox 165 2825 293 2890; x_wconf 83' lang='lat' dir='ltr'>litteras</span> <span class='ocrx_word' id='word_1_194' title='bbox 321 2823 458 2888; x_wconf 84' lang='lat' dir='ltr'>dicimus</span> <span class='ocrx_word' id='word_1_195' title='bbox 487 2823 800 2908; x_wconf 87' lang='lat' dir='ltr'>sapientissimorum</span> <span class='ocrx_word' id='word_1_196' title='bbox 828 2823 998 2887; x_wconf 89' lang='lat' dir='ltr'>hominurn</span> <span class='ocrx_word' id='word_1_197' title='bbox 1027 2823 1231 2907; x_wconf 87' lang='lat' dir='ltr'>auctoritate,</span> <span class='ocrx_word' id='word_1_198' title='bbox 1260 2823 1309 2888; x_wconf 93' lang='lat' dir='ltr'>uti</span> 
     </span>
     <span class='ocr_line' id='line_1_25' title="bbox 167 2929 1308 3014; baseline 0.001 -19"><span class='ocrx_word' id='word_1_199' title='bbox 167 2932 258 2997; x_wconf 84' lang='lat' dir='ltr'>fonte</span> <span class='ocrx_word' id='word_1_200' title='bbox 290 2929 399 2995; x_wconf 80' lang='lat' dir='ltr'>divino</span> <span class='ocrx_word' id='word_1_201' title='bbox 432 2934 610 3014; x_wconf 78' lang='lat' dir='ltr'>prognatus</span> <span class='ocrx_word' id='word_1_202' title='bbox 643 2930 769 2995; x_wconf 89' lang='lat' dir='ltr'>animus</span> <span class='ocrx_word' id='word_1_203' title='bbox 797 2929 941 2995; x_wconf 85' lang='lat' dir='ltr'>divinam</span> <span class='ocrx_word' id='word_1_204' title='bbox 969 2929 1110 2994; x_wconf 89' lang='lat' dir='ltr'>indolem</span> <span class='ocrx_word' id='word_1_205' title='bbox 1137 2929 1308 2996; x_wconf 86' lang='lat' dir='ltr'>nutriendo</span> 
     </span>
     <span class='ocr_line' id='line_1_26' title="bbox 167 3036 1308 3123; baseline -0.002 -19"><span class='ocrx_word' id='word_1_206' title='bbox 167 3038 218 3104; x_wconf 87' lang='lat' dir='ltr'>sui</span> <span class='ocrx_word' id='word_1_207' title='bbox 241 3036 381 3103; x_wconf 90' lang='lat' dir='ltr'>similior</span> <span class='ocrx_word' id='word_1_208' title='bbox 402 3038 475 3121; x_wconf 87' lang='lat' dir='ltr'>fiat,</span> <span class='ocrx_word' id='word_1_209' title='bbox 502 3037 602 3102; x_wconf 91' lang='lat' dir='ltr'>talem</span> <span class='ocrx_word' id='word_1_210' title='bbox 630 3039 732 3123; x_wconf 84' lang='lat' dir='ltr'>igitur</span> <span class='ocrx_word' id='word_1_211' title='bbox 754 3038 805 3103; x_wconf 86' lang='lat' dir='ltr'>vel</span> <span class='ocrx_word' id='word_1_212' title='bbox 829 3037 1083 3123; x_wconf 87' lang='lat' dir='ltr'>postulationem</span> <span class='ocrx_word' id='word_1_213' title='bbox 1107 3036 1157 3100; x_wconf 81' lang='lat' dir='ltr'>vel</span> <span class='ocrx_word' id='word_1_214' title='bbox 1182 3058 1308 3122; x_wconf 86' lang='lat' dir='ltr'>exspec-</span> 
     </span>
     <span class='ocr_line' id='line_1_27' title="bbox 167 3142 1310 3228; baseline -0.003 -18"><span class='ocrx_word' id='word_1_215' title='bbox 167 3145 325 3210; x_wconf 91' lang='lat' dir='ltr'>tationem</span> <span class='ocrx_word' id='word_1_216' title='bbox 354 3143 463 3228; x_wconf 90' lang='lat' dir='ltr'>ecquis</span> <span class='ocrx_word' id='word_1_217' title='bbox 492 3143 620 3208; x_wconf 86' lang='lat' dir='ltr'>exulare</span> <span class='ocrx_word' id='word_1_218' title='bbox 651 3142 691 3207; x_wconf 88' lang='lat' dir='ltr'>ad</span> <span class='ocrx_word' id='word_1_219' title='bbox 723 3144 848 3208; x_wconf 89' lang='lat' dir='ltr'>somnia</span> <span class='ocrx_word' id='word_1_220' title='bbox 877 3142 1147 3228; x_wconf 89' lang='lat' dir='ltr'>philosophorum</span> <span class='ocrx_word' id='word_1_221' title='bbox 1177 3143 1310 3209; x_wconf 83' lang='lat' dir='ltr'>iubeat?</span> 
     </span>
     <span class='ocr_line' id='line_1_28' title="bbox 167 3249 1309 3336; baseline -0.002 -21"><span class='ocrx_word' id='word_1_222' title='bbox 167 3251 290 3336; x_wconf 79' lang='lat' dir='ltr'>Eloquia</span> <span class='ocrx_word' id='word_1_223' title='bbox 317 3249 455 3333; x_wconf 91' lang='lat' dir='ltr'>denique</span> <span class='ocrx_word' id='word_1_224' title='bbox 483 3254 550 3314; x_wconf 90' lang='lat' dir='ltr'>tam</span> <span class='ocrx_word' id='word_1_225' title='bbox 578 3271 691 3315; x_wconf 87' lang='lat' dir='ltr'>caecus</span> <span class='ocrx_word' id='word_1_226' title='bbox 715 3250 773 3335; x_wconf 90' lang='lat' dir='ltr'>sit,</span> <span class='ocrx_word' id='word_1_227' title='bbox 801 3249 878 3334; x_wconf 92' lang='lat' dir='ltr'>quin</span> <span class='ocrx_word' id='word_1_228' title='bbox 906 3251 1006 3316; x_wconf 89' lang='lat' dir='ltr'>etiam</span> <span class='ocrx_word' id='word_1_229' title='bbox 1033 3251 1066 3316; x_wconf 93' lang='lat' dir='ltr'>in</span> <span class='ocrx_word' id='word_1_230' title='bbox 1090 3251 1137 3315; x_wconf 90' lang='lat' dir='ltr'>rei</span> <span class='ocrx_word' id='word_1_231' title='bbox 1159 3249 1309 3334; x_wconf 89' lang='lat' dir='ltr'>publicae</span> 
     </span>
     <span class='ocr_line' id='line_1_29' title="bbox 168 3355 1310 3442; baseline -0.004 -17"><span class='ocrx_word' id='word_1_232' title='bbox 168 3359 307 3425; x_wconf 88' lang='lat' dir='ltr'>salutern</span> <span class='ocrx_word' id='word_1_233' title='bbox 343 3358 440 3440; x_wconf 84' lang='lat' dir='ltr'>longe</span> <span class='ocrx_word' id='word_1_234' title='bbox 477 3355 704 3440; x_wconf 87' lang='lat' dir='ltr'>efficaciorem,</span> <span class='ocrx_word' id='word_1_235' title='bbox 739 3379 836 3442; x_wconf 90' lang='lat' dir='ltr'>quam</span> <span class='ocrx_word' id='word_1_236' title='bbox 875 3379 970 3442; x_wconf 90' lang='lat' dir='ltr'>quem</span> <span class='ocrx_word' id='word_1_237' title='bbox 1009 3361 1105 3421; x_wconf 88' lang='lat' dir='ltr'>antea</span> <span class='ocrx_word' id='word_1_238' title='bbox 1141 3356 1310 3422; x_wconf 87' lang='lat' dir='ltr'>fortuitum</span> 
     </span>
     <span class='ocr_line' id='line_1_30' title="bbox 168 3461 1311 3549; baseline -0.005 -18"><span class='ocrx_word' id='word_1_239' title='bbox 168 3467 309 3531; x_wconf 82' lang='lat' dir='ltr'>fructum</span> <span class='ocrx_word' id='word_1_240' title='bbox 337 3461 610 3549; x_wconf 80' lang='lat' dir='ltr'>perstringebam‚</span> <span class='ocrx_word' id='word_1_241' title='bbox 643 3463 727 3529; x_wconf 93' lang='lat' dir='ltr'>hanc</span> <span class='ocrx_word' id='word_1_242' title='bbox 756 3485 826 3528; x_wconf 90' lang='lat' dir='ltr'>esse</span> <span class='ocrx_word' id='word_1_243' title='bbox 855 3464 921 3528; x_wconf 85' lang='lat' dir='ltr'>vim</span> <span class='ocrx_word' id='word_1_244' title='bbox 949 3462 1102 3529; x_wconf 87' lang='lat' dir='ltr'>scientiae</span> <span class='ocrx_word' id='word_1_245' title='bbox 1126 3462 1311 3546; x_wconf 88' lang='lat' dir='ltr'>perspiciat,</span> 
     </span>
     <span class='ocr_line' id='line_1_31' title="bbox 169 3569 1310 3656; baseline -0.005 -17"><span class='ocrx_word' id='word_1_246' title='bbox 169 3578 206 3639; x_wconf 88' lang='lat' dir='ltr'>ut</span> <span class='ocrx_word' id='word_1_247' title='bbox 229 3572 347 3637; x_wconf 86' lang='lat' dir='ltr'>artium</span> <span class='ocrx_word' id='word_1_248' title='bbox 370 3571 614 3656; x_wconf 90' lang='lat' dir='ltr'>litterarumque</span> <span class='ocrx_word' id='word_1_249' title='bbox 637 3572 692 3635; x_wconf 85' lang='lat' dir='ltr'>lux</span> <span class='ocrx_word' id='word_1_250' title='bbox 715 3571 825 3636; x_wconf 89' lang='lat' dir='ltr'>divina</span> <span class='ocrx_word' id='word_1_251' title='bbox 847 3570 882 3635; x_wconf 93' lang='lat' dir='ltr'>in</span> <span class='ocrx_word' id='word_1_252' title='bbox 902 3571 1031 3655; x_wconf 80' lang='lat' dir='ltr'>singula</span> <span class='ocrx_word' id='word_1_253' title='bbox 1050 3569 1191 3635; x_wconf 82' lang='lat' dir='ltr'>civitatis</span> <span class='ocrx_word' id='word_1_254' title='bbox 1211 3592 1310 3634; x_wconf 92' lang='lat' dir='ltr'>mem-</span> 
     </span>
     <span class='ocr_line' id='line_1_32' title="bbox 169 3675 1309 3763; baseline -0.004 -18"><span class='ocrx_word' id='word_1_255' title='bbox 169 3682 230 3746; x_wconf 85' lang='lat' dir='ltr'>bra</span> <span class='ocrx_word' id='word_1_256' title='bbox 257 3684 424 3763; x_wconf 87' lang='lat' dir='ltr'>tamquam</span> <span class='ocrx_word' id='word_1_257' title='bbox 454 3678 563 3742; x_wconf 90' lang='lat' dir='ltr'>anima</span> <span class='ocrx_word' id='word_1_258' title='bbox 590 3681 757 3761; x_wconf 88' lang='lat' dir='ltr'>permanet</span> <span class='ocrx_word' id='word_1_259' title='bbox 779 3677 865 3742; x_wconf 88' lang='lat' dir='ltr'>vitae</span> <span class='ocrx_word' id='word_1_260' title='bbox 889 3677 1032 3742; x_wconf 85' lang='lat' dir='ltr'>effectrix</span> <span class='ocrx_word' id='word_1_261' title='bbox 1056 3682 1089 3741; x_wconf 89' lang='lat' dir='ltr'>et</span> <span class='ocrx_word' id='word_1_262' title='bbox 1111 3675 1309 3741; x_wconf 85' lang='lat' dir='ltr'>moderatrix</span> 
     </span>
     <span class='ocr_line' id='line_1_33' title="bbox 170 3782 1310 3870; baseline -0.005 -18"><span class='ocrx_word' id='word_1_263' title='bbox 170 3787 362 3870; x_wconf 84' lang='lat' dir='ltr'>virtutisque</span> <span class='ocrx_word' id='word_1_264' title='bbox 400 3807 515 3869; x_wconf 87' lang='lat' dir='ltr'>parens</span> <span class='ocrx_word' id='word_1_265' title='bbox 554 3789 586 3849; x_wconf 91' lang='lat' dir='ltr'>et</span> <span class='ocrx_word' id='word_1_266' title='bbox 623 3784 803 3869; x_wconf 81' lang='lat' dir='ltr'>magistra?</span> <span class='ocrx_word' id='word_1_267' title='bbox 858 3783 965 3867; x_wconf 84' lang='lat' dir='ltr'>Atque</span> <span class='ocrx_word' id='word_1_268' title='bbox 997 3784 1081 3848; x_wconf 91' lang='lat' dir='ltr'>hanc</span> <span class='ocrx_word' id='word_1_269' title='bbox 1114 3782 1206 3847; x_wconf 87' lang='lat' dir='ltr'>illam</span> <span class='ocrx_word' id='word_1_270' title='bbox 1239 3782 1310 3847; x_wconf 90' lang='lat' dir='ltr'>dico</span> 
     </span>
     <span class='ocr_line' id='line_1_34' title="bbox 169 3890 1312 3984; baseline -0.005 -25"><span class='ocrx_word' id='word_1_271' title='bbox 169 3914 344 3978; x_wconf 91' lang='lat' dir='ltr'>numquam</span> <span class='ocrx_word' id='word_1_272' title='bbox 368 3896 419 3956; x_wconf 88' lang='lat' dir='ltr'>sat</span> <span class='ocrx_word' id='word_1_273' title='bbox 442 3893 552 3977; x_wconf 81' lang='lat' dir='ltr'>magni</span> <span class='ocrx_word' id='word_1_274' title='bbox 577 3891 814 3957; x_wconf 88' lang='lat' dir='ltr'>aestimandam</span> <span class='ocrx_word' id='word_1_275' title='bbox 837 3891 1075 3974; x_wconf 89' lang='lat' dir='ltr'>liberalitatem,</span> <span class='ocrx_word' id='word_1_276' title='bbox 1099 3912 1162 3975; x_wconf 90' lang='lat' dir='ltr'>qua</span> <span class='ocrx_word' id='word_1_277' title='bbox 1185 3894 1218 3984; x_wconf 90' lang='lat' dir='ltr'>et</span> <span class='ocrx_word' id='word_1_278' title='bbox 1241 3890 1312 3953; x_wconf 89' lang='lat' dir='ltr'>reli-</span> 
     </span>
     <span class='ocr_line' id='line_1_35' title="bbox 172 3996 1312 4085; baseline -0.004 -20"><span class='ocrx_word' id='word_1_279' title='bbox 172 4021 252 4085; x_wconf 88' lang='lat' dir='ltr'>quas</span> <span class='ocrx_word' id='word_1_280' title='bbox 275 3997 419 4064; x_wconf 89' lang='lat' dir='ltr'>rationes</span> <span class='ocrx_word' id='word_1_281' title='bbox 443 4021 514 4063; x_wconf 90' lang='lat' dir='ltr'>cum</span> <span class='ocrx_word' id='word_1_282' title='bbox 539 3998 685 4083; x_wconf 87' lang='lat' dir='ltr'>publicae</span> <span class='ocrx_word' id='word_1_283' title='bbox 708 3997 923 4063; x_wconf 90' lang='lat' dir='ltr'>institutionis</span> <span class='ocrx_word' id='word_1_284' title='bbox 947 3996 1115 4062; x_wconf 86' lang='lat' dir='ltr'>universae</span> <span class='ocrx_word' id='word_1_285' title='bbox 1143 4002 1212 4061; x_wconf 93' lang='lat' dir='ltr'>tum</span> <span class='ocrx_word' id='word_1_286' title='bbox 1241 4019 1312 4062; x_wconf 89' lang='lat' dir='ltr'>aca-</span> 
     </span>
     <span class='ocr_line' id='line_1_36' title="bbox 170 4103 1309 4191; baseline -0.004 -19"><span class='ocrx_word' id='word_1_287' title='bbox 170 4106 312 4172; x_wconf 89' lang='lat' dir='ltr'>demicae</span> <span class='ocrx_word' id='word_1_288' title='bbox 336 4104 526 4190; x_wconf 84' lang='lat' dir='ltr'>disciplinae</span> <span class='ocrx_word' id='word_1_289' title='bbox 550 4105 633 4191; x_wconf 84' lang='lat' dir='ltr'>regi,</span> <span class='ocrx_word' id='word_1_290' title='bbox 656 4105 790 4170; x_wconf 84' lang='lat' dir='ltr'>ethaeo</span> <span class='ocrx_word' id='word_1_291' title='bbox 813 4105 883 4188; x_wconf 91' lang='lat' dir='ltr'>ipsa</span> <span class='ocrx_word' id='word_1_292' title='bbox 906 4103 1160 4168; x_wconf 88' lang='lat' dir='ltr'>adulescentium</span> <span class='ocrx_word' id='word_1_293' title='bbox 1184 4106 1309 4169; x_wconf 91' lang='lat' dir='ltr'>nostro-</span> 
     </span>
     <span class='ocr_line' id='line_1_37' title="bbox 170 4210 1310 4298; baseline -0.003 -19"><span class='ocrx_word' id='word_1_294' title='bbox 170 4237 242 4279; x_wconf 90' lang='lat' dir='ltr'>rum</span> <span class='ocrx_word' id='word_1_295' title='bbox 271 4213 450 4278; x_wconf 87' lang='lat' dir='ltr'>certamina</span> <span class='ocrx_word' id='word_1_296' title='bbox 477 4213 645 4277; x_wconf 90' lang='lat' dir='ltr'>nobilitari</span> <span class='ocrx_word' id='word_1_297' title='bbox 673 4211 934 4298; x_wconf 79' lang='lat' dir='ltr'>Angustissimus</span> <span class='ocrx_word' id='word_1_298' title='bbox 962 4210 1058 4275; x_wconf 89' lang='lat' dir='ltr'>huius</span> <span class='ocrx_word' id='word_1_299' title='bbox 1088 4211 1310 4282; x_wconf 87' lang='lat' dir='ltr'>universitatis</span> 
     </span>
     <span class='ocr_line' id='line_1_38' title="bbox 171 4318 1311 4403; baseline -0.004 -17"><span class='ocrx_word' id='word_1_300' title='bbox 171 4320 321 4386; x_wconf 88' lang='lat' dir='ltr'>conditor</span> <span class='ocrx_word' id='word_1_301' title='bbox 343 4320 453 4385; x_wconf 87' lang='lat' dir='ltr'>voluit.</span> <span class='ocrx_word' id='word_1_302' title='bbox 494 4319 567 4383; x_wconf 82' lang='lat' dir='ltr'>Tali</span> <span class='ocrx_word' id='word_1_303' title='bbox 591 4324 699 4384; x_wconf 89' lang='lat' dir='ltr'>autem</span> <span class='ocrx_word' id='word_1_304' title='bbox 724 4320 776 4383; x_wconf 88' lang='lat' dir='ltr'>via</span> <span class='ocrx_word' id='word_1_305' title='bbox 799 4320 853 4403; x_wconf 91' lang='lat' dir='ltr'>qui</span> <span class='ocrx_word' id='word_1_306' title='bbox 877 4319 917 4382; x_wconf 87' lang='lat' dir='ltr'>ad</span> <span class='ocrx_word' id='word_1_307' title='bbox 941 4341 1049 4383; x_wconf 89' lang='lat' dir='ltr'>veram</span> <span class='ocrx_word' id='word_1_308' title='bbox 1073 4318 1311 4384; x_wconf 89' lang='lat' dir='ltr'>humanitatem</span> 
     </span>
     <span class='ocr_line' id='line_1_39' title="bbox 172 4424 1312 4513; baseline -0.002 -21"><span class='ocrx_word' id='word_1_309' title='bbox 172 4426 331 4512; x_wconf 84' lang='lat' dir='ltr'>perveniri</span> <span class='ocrx_word' id='word_1_310' title='bbox 355 4448 513 4513; x_wconf 85' lang='lat' dir='ltr'>veraeque</span> <span class='ocrx_word' id='word_1_311' title='bbox 538 4427 637 4493; x_wconf 89' lang='lat' dir='ltr'>saluti</span> <span class='ocrx_word' id='word_1_312' title='bbox 660 4425 803 4491; x_wconf 84' lang='lat' dir='ltr'>civitatis</span> <span class='ocrx_word' id='word_1_313' title='bbox 827 4425 951 4491; x_wconf 90' lang='lat' dir='ltr'>consuli</span> <span class='ocrx_word' id='word_1_314' title='bbox 976 4447 1165 4512; x_wconf 88' lang='lat' dir='ltr'>persuasum</span> <span class='ocrx_word' id='word_1_315' title='bbox 1188 4424 1312 4510; x_wconf 88' lang='lat' dir='ltr'>habuit,</span> 
     </span>
    </p>
   </div>
   <div class='ocr_carea' id='block_1_3' title="bbox 0 0 1491 5032">
    <p class='ocr_par' dir='ltr' id='par_1_3' title="bbox 0 0 1491 5032">
     <span class='ocr_line' id='line_1_40' title="bbox 0 0 1491 5032; baseline 0 0"><span class='ocrx_word' id='word_1_316' title='bbox 0 0 1491 5032; x_wconf 95' lang='lat' dir='ltr'> </span> 
     </span>
    </p>
   </div>
  </div>
 </body>
</html>
