2962 5032
498 353 731 401 unumruseun
756 354 881 401 annau.
1193 339 1257 403 629

112 498 151 559 ut
170 499 414 560 consummatae
433 495 654 580 praestantiae
673 495 844 560 historiam
863 496 1046 559 litterarum
1063 495 1256 562 Graecarum

109 603 346 687 nanciscamur,
359 603 432 685 nisi,
446 625 509 686 quo
524 602 765 667 communitatis
781 603 908 668 vineulo
923 602 1087 666 variorum
1102 623 1256 687 generum

107 713 220 792 partes
240 710 325 773 inter
339 731 373 774 se
393 711 620 775 contineantur
636 709 792 795 singulae,
815 710 903 775 velut
925 734 987 775 uno
1011 716 1185 796 conspectu
1205 735 1256 777 co·

108 820 288 902 gnoscatur
306 840 502 903 caussaeque
523 819 708 903 aperiantur
729 821 762 882 et
785 818 851 902 via,
874 840 937 901 qua
961 840 1013 883 ars
1037 841 1181 904 quaeque
1205 821 1255 884 vel

107 925 289 1009 disciplina,
312 929 486 1010 postquam
509 948 567 1010 per
589 925 710 1011 gradus
734 926 890 1010 quosdam
915 925 954 990 ad
979 948 1139 991 summum
1158 927 1257 991 fuerit

44 1034 55 1049 ⁶
107 1030 277 1115 fastigium
292 1029 439 1113 adducta,
454 1034 586 1095 aeterna
600 1036 734 1095 naturae
749 1031 942 1095 necessitate
956 1053 1014 1115 per
1024 1034 1152 1097 eosdem
1164 1034 1256 1118 lapsa

108 1140 152 1202 sit
175 1140 209 1200 et
228 1139 391 1221 postremo
410 1137 579 1202 exstincta.
616 1136 708 1213 Quod
731 1137 911 1202 studiorum
935 1160 1036 1224 genus
1061 1163 1132 1204 curn
1155 1140 1255 1204 maio·

107 1267 180 1309 rum
205 1248 311 1309 aetate
335 1264 451 1327 parum
474 1243 719 1328 intellegeretur
737 1247 893 1327 quantam
915 1245 980 1309 vim
1000 1245 1137 1311 haberet
1157 1269 1254 1331 quan-

108 1355 240 1435 tamque
261 1352 294 1415 in
314 1373 348 1415 se
369 1350 575 1435 gravitatem,
597 1355 666 1414 tum
691 1350 763 1415 inde
787 1351 829 1415 ab
853 1350 983 1435 Heynio
1008 1352 1087 1416 adeo
1111 1355 1254 1418 omnium

109 1458 273 1522 mentibus
301 1457 487 1542 persuaderi
515 1458 583 1522 eius
613 1458 788 1523 salubritas
812 1463 928 1543 coepta
951 1463 1013 1542 est,
1042 1463 1079 1524 ut
1106 1460 1255 1525 certatim

109 1564 143 1628 in
167 1586 204 1629 eo
238 1564 422 1629 elaboretur
456 1587 583 1629 summa
615 1565 730 1629 virium
763 1566 953 1649 intentione,
985 1571 1021 1630 ut
1053 1567 1253 1652 integrorum

109 1693 242 1756 operum
267 1672 405 1754 iactura,
434 1694 517 1756 quae
539 1673 634 1737 nobis
659 1672 776 1736 invidit
798 1673 955 1756 temporis
979 1672 1147 1757 iniquitas,
1171 1673 1251 1738 fruc·

108 1778 297 1843 tuosissimo
332 1780 467 1843 consilio
501 1779 704 1844 resarciatur.
749 1779 860 1843 Patuit
888 1780 974 1842 enim
1002 1780 1067 1843 ista
1096 1779 1255 1844 industria

110 1885 199 1950 velut
223 1886 263 1950 ad
289 1886 396 1971 epicos
418 1889 542 1969 poetas,
566 1909 604 1949 ex
628 1908 692 1970 quo
712 1884 745 1949 F.
762 1885 799 1949 A.
814 1885 925 1949 Wolfii
950 1908 1046 1949 suasu
1067 1886 1253 1951 Antimachi

109 1992 266 2077 reliquiae
293 1993 532 2078 colligebantur
555 1990 810 2075 Schellenbergii
839 1992 961 2056 studio:
990 1998 1026 2056 ut
1053 1991 1152 2061 hodie¹
1177 1993 1253 2078 quid

109 2099 222 2182 cyclici
252 2103 366 2184 poetae
394 2098 633 2183 praestiterint,
662 2099 738 2182 quid
763 2095 947 2182 Choerilus,
976 2097 1052 2182 quid
1075 2098 1254 2184 Euphorio,

108 2205 183 2290 quid
212 2205 372 2290 Rhianus‚
403 2206 571 2270 doctorum
601 2205 800 2289 quorundam
833 2205 975 2270 virorum
1007 2205 1090 2269 euris
1120 2229 1252 2291 prorsus

106 2314 375 2397 perspexerimus.
408 2311 483 2377 Non
503 2313 627 2377 minore
647 2335 804 2395 successu,
824 2313 878 2396 qui
898 2314 1003 2376 lucem
1022 2312 1144 2394 lyricae
1162 2315 1252 2397 poesi

109 2419 274 2504 afferrent,
297 2419 371 2484 illos
395 2420 548 2484 aemulati
573 2423 656 2484 sunt.
701 2419 747 2485 Vt
771 2420 857 2484 enim
881 2419 963 2483 nihil
987 2418 1091 2483 dicam
1115 2418 1154 2481 de
1177 2442 1252 2503 qua-

108 2524 279 2609 dripertita
308 2548 407 2610 opera
430 2526 464 2589 in
487 2526 665 2591 Pindaricis
689 2526 881 2610 fragmentis
905 2526 1013 2609 posita
1035 2526 1108 2589 inde
1132 2547 1151 2589 a
1174 2527 1253 2590 cele·

106 2632 247 2697 berrimo
276 2632 371 2698 huius
396 2633 578 2697 academiae
602 2633 769 2716 philologo
793 2630 988 2696 Schneidero
1012 2630 1148 2716 Saxone,
1170 2634 1251 2697 nihil

107 2741 172 2805 iam
202 2744 251 2805 est
278 2740 363 2824 quod
392 2763 462 2806 sese
490 2741 654 2824 neglectos
684 2743 858 2824 querantur
887 2740 938 2804 vel
967 2739 1101 2823 elegiaci
1124 2740 1250 2824 generis

106 2852 222 2931 poetae
245 2847 430 2913 suavissimi
455 2847 506 2911 vel
531 2847 659 2911 iambici
683 2850 829 2930 repertor
844 2845 1059 2910 Arehilochus
1083 2868 1155 2910 cum
1170 2846 1249 2931 Hip·

108 2960 256 3039 ponacte,
279 2954 329 3019 vel
355 2955 529 3018 Aeolenses
554 2950 687 3037 Sappho
710 2957 744 3017 et
767 2953 914 3036 Alcaeus,
938 2953 986 3016 vel
1011 2951 1138 3018 doricae
1161 2954 1251 3036 lyrae

110 3063 202 3125 vates
231 3060 412 3146 gravissimi
442 3059 593 3144 Alcman,
623 3059 840 3143 Stesichorus,
867 3060 998 3144 Ibyeus,
1028 3059 1250 3143 Bacchylides.

108 3167 280 3234 Scaenicae
300 3172 408 3231 autem
429 3167 536 3250 poesis
556 3190 629 3231 cum
648 3168 736 3250 ipsae
756 3166 896 3250 origines
911 3166 1092 3250 praecipuis
1111 3166 1250 3250 philolo·

106 3296 223 3360 gerum
250 3272 366 3340 studiis
394 3274 592 3358 disceptatae
621 3274 687 3338 sint
710 3296 773 3337 non
797 3273 1015 3358 mediocriter,
1042 3280 1111 3338 tum
1141 3275 1174 3339 in
1198 3297 1249 3339 co·

107 3382 266 3447 micorum
285 3379 415 3464 quidem
435 3381 582 3463 reliquiis
602 3379 722 3464 insigni
738 3401 809 3443 cum
824 3381 918 3445 laude
935 3381 1055 3445 versari
1069 3380 1249 3446 Meinehius

106 3488 264 3572 instituit,
287 3488 378 3552 cuius
403 3510 497 3551 curas
522 3485 727 3551 Menandrias
752 3486 874 3550 imitari
897 3489 1102 3570 studuerunt,
1131 3487 1249 3571 quide

109 3593 354 3679 Aristophanis,
382 3595 420 3657 de
444 3592 583 3676 Cratini,
606 3592 790 3676 Eupolidis,
815 3593 1017 3658 Pherecratis
1046 3593 1179 3676 perditis
1202 3593 1248 3658 fa·

106 3702 191 3766 bulis
215 3706 329 3766 nostra
352 3704 458 3765 aetate
482 3701 563 3763 benc
587 3703 781 3763 meruerunt.
819 3699 864 3763 Vt
888 3723 950 3763 una
969 3700 1136 3783 tragoedia
1155 3723 1248 3764 suum

106 3809 170 3874 iam
203 3809 451 3873 instauratorem
487 3807 645 3870 desideret
679 3811 712 3871 et
744 3829 818 3871 vero
851 3807 949 3870 etiam
983 3807 1134 3889 postulet.
1180 3807 1248 3872 Nee

104 3938 219 4000 prosae
248 3915 405 3979 orationis
434 3914 647 3998 scriptoribus
675 3913 914 3998 philologorurn
942 3913 1114 3999 diligentia
1137 3914 1247 3998 defuit,

104 4045 187 4108 quae
219 4023 348 4108 quidem
380 4022 414 4085 in
445 4022 533 4086 nulle
567 4042 683 4105 genere
719 4022 821 4085 maior
855 4043 951 4105 quam
983 4020 1018 4083 in
1051 4022 1247 4104 exploranda

105 4126 336 4194 historicorum
365 4132 433 4192 arte
457 4131 490 4192 et
513 4129 668 4193 memoria
696 4127 830 4192 exstitit.
876 4125 946 4202 Quo
973 4127 1095 4190 factum
1122 4130 1185 4210 est,
1211 4132 1248 4191 ut

104 4237 140 4301 ct
160 4234 464 4323 antiquissimorum
487 4234 726 4318 historicorum,
750 4235 805 4319 qui
823 4234 1018 4319 logographi
1037 4235 1145 4299 vocati
1164 4237 1248 4317 sunt,

103 4340 196 4409 ocrim
251 4344 361 4407 'nenia
387 4341 564 4431 imaginem
590 4343 701 4406 tenere
729 4343 836 4424 liceat,
865 4345 901 4405 ut
927 4339 1104 4424 Hellanioi,
1132 4340 1245 4404 Phere-

510 4446 518 4463 '
550 4448 586 4514 in
615 4447 865 4532 antiquitatibus
897 4446 1016 4511 Atticis
1050 4446 1245 4531 explicandis
