2962 5032
166 326 231 391 762
657 339 812 388 suusne.

722 486 752 550 6.

163 629 395 713 Einleitung
418 651 462 693 au
482 626 561 693 dem
581 628 806 712 Programm
821 623 1009 691 ‘Canticum
1023 624 1310 691 Menaechmorum

568 733 752 800 Plautinae'
776 734 902 820 (1851).

254 878 468 945 Coniunctam
492 879 571 944 iuris
595 879 818 945 consultorum
842 877 1153 962 philologorumque
1178 898 1309 961 operam

164 1009 238 1052 cum
272 988 355 1052 aliae
390 1010 505 1053 scenae
532 987 703 1053 Plautinae
741 987 910 1071 postulant
942 986 982 1052 ad
1010 985 1100 1069 leges
1128 989 1163 1050 et
1191 983 1310 1048 iudicia

165 1099 361 1178 spectanteS,
393 1099 462 1160 tum
496 1094 705 1159 memorabile
734 1094 769 1158 in
791 1095 857 1160 hoc
885 1115 1002 1180 genere
1030 1093 1194 1158 cauticum
1224 1093 1310 1177 quod

165 1205 215 1265 est
242 1201 276 1265 iu
299 1201 519 1265 Menaechmis
547 1204 609 1264 act.
631 1199 679 1264 IV
706 1221 749 1264 se.
782 1201 812 1265 2.
858 1199 950 1276 Quod
979 1222 1050 1265 cum
1075 1221 1135 1264 uec
1158 1199 1309 1282 probabi·

164 1307 238 1371 liter
260 1308 423 1373 emendari
447 1308 516 1373 siue
540 1307 754 1392 explicatione
777 1307 883 1390 possit
905 1329 965 1372 nec
988 1308 1057 1372 sine
1081 1306 1308 1372 emendatione

165 1415 246 1479 satis
270 1419 342 1480 tuto
366 1415 529 1500 explicari,
554 1419 662 1480 tamen
687 1415 727 1479 ab
753 1415 909 1480 alterutra
931 1418 1023 1498 parte
1047 1436 1118 1480 esse
1141 1416 1308 1481 exordien-

166 1521 242 1586 dum
270 1527 415 1606 apparet.
460 1522 507 1588 Vt
533 1522 635 1606 igitur
657 1521 814 1602 habeant,
839 1522 894 1586 ubi
917 1543 977 1586 nos
1001 1523 1191 1608 philologos
1214 1523 1307 1589 edoc-

163 1629 229 1693 turi
257 1630 367 1712 paullo
397 1628 610 1695 confidentius
640 1650 736 1712 quam
765 1628 798 1691 iu
821 1628 982 1693 tralaticia
1007 1630 1171 1713 scriptura
1194 1630 1307 1715 pedem

166 1737 270 1821 figant
289 1737 368 1801 iuris
387 1736 494 1821 periti,
516 1757 581 1799 non
600 1734 809 1800 reformidabo
830 1734 958 1800 errandi
977 1737 1121 1820 periculo
1140 1736 1202 1802 hos
1220 1739 1307 1822 ipsos

165 1843 271 1908 visum
295 1844 345 1906 est
368 1841 476 1924 aliquo
501 1843 648 1926 exemplo
672 1842 794 1922 docere,
817 1864 880 1926 qua
903 1842 971 1907 fere
995 1844 1049 1908 via
1072 1866 1145 1908 cum
1170 1868 1188 1909 e
1211 1846 1308 1928 serip-

163 1952 272 2013 torum
302 1947 459 2012 librorum
488 1949 644 2015 memoria
673 1954 744 2014 tum
772 1971 789 2013 e
818 1950 971 2016 metricae
994 1952 1203 2035 potissimum
1229 1953 1307 2017 artis

164 2054 346 2120 rationibus
366 2054 405 2119 ad
421 2053 581 2120 saniorem
596 2054 734 2119 formam
749 2055 895 2121 Plautini
913 2079 1024 2122 versus
1044 2079 1113 2123 esse
1132 2059 1305 2123 revocandi

164 2161 341 2227 videantur.
387 2161 538 2227 Facimus
562 2165 670 2226 autem
694 2162 726 2227 id
750 2163 811 2245 ita,
842 2167 878 2227 ut
901 2167 1013 2229 nostra
1036 2166 1226 2230 coniectura
1249 2189 1307 2251 pro

164 2270 249 2335 virili
280 2275 373 2354 parte
401 2270 582 2335 instaurato
613 2269 815 2334 Menaechmi
843 2271 984 2339 sermoni
1012 2293 1125 2336 eorum
1153 2272 1308 2355 codicum,

164 2398 181 2441 e
205 2398 342 2462 quorum
365 2377 427 2441 fide
451 2376 632 2441 emendatio
658 2375 766 2441 Plauti
790 2377 895 2442 omnis
919 2379 1046 2462 pendet,
1070 2378 1307 2465 discrepantias

163 2485 233 2550 siue
257 2506 444 2551 caussarum
469 2484 670 2568 expositione
695 2484 900 2549 subiciamus.

723 2773 752 2837 7.

208 2915 383 2980 Vorwort
406 2939 448 2979 zu
473 2916 554 2980 dem
578 2915 803 2998 Programm
828 2915 1014 2980 ‘Canticum
1039 2914 1265 2979 Mostellariae

568 3022 753 3087 Plautinae'
778 3022 904 3109 (1851).

252 3166 455 3229 varietatem
486 3166 645 3230 delectare
676 3167 736 3230 etsi
765 3188 831 3229 non
861 3167 968 3249 inepte
1000 3165 1164 3248 dictitant,
1198 3168 1307 3228 tamen

164 3295 223 3337 nos
253 3295 324 3336 cum
353 3272 437 3336 idem
467 3293 582 3356 genua,
612 3294 715 3356 equo
745 3273 965 3355 prooemiandi
990 3276 1217 3356 argumentum
1243 3271 1306 3334 iam

165 3380 360 3463 aliquotiens
392 3379 558 3463 petiimuS‚
590 3402 675 3442 nunc
699 3380 884 3461 recolimus,
917 3380 970 3443 vix
995 3383 1045 3442 est
1068 3378 1244 3476 verendum
1269 3400 1307 3442 ne

167 3488 258 3553 vobis
283 3486 449 3550 fastidium
473 3486 581 3568 potius
610 3491 643 3550 ct
666 3472 850 3550 satietatem
875 3508 972 3568 quam
997 3487 1139 3569 aliquam
1164 3486 1307 3550 iucundi-

163 3598 263 3659 tatem
289 3594 470 3657 afferemus.
512 3593 637 3676 Quippe
661 3594 689 3656 is
714 3593 854 3676 scriptor
878 3597 928 3656 est
945 3593 1095 3674 Plautus,
1120 3592 1211 3656 euius
1236 3614 1308 3655 cum

163 3702 310 3785 ingenita
333 3724 385 3765 ars
409 3705 442 3764 et
465 3700 568 3763 virtus
587 3699 744 3764 novitatis
765 3700 905 3783 gratiam
925 3704 1098 3783 perpetuet
1111 3698 1310 3781 legentibus,

164 3813 232 3872 tum
257 3813 439 3891 temporum
464 3806 635 3889 iniquitate
660 3807 774 3870 effecta
797 3807 972 3870 difficultas
997 3810 1092 3889 etque
1118 3804 1308 3887 depravatio

163 3916 386 3979 inexhaustam
430 3914 604 3997 quaerendi
646 3914 875 3996 exercendique
919 3913 1088 3977 materiam
1131 3912 1308 3997 philologis

162 4022 326 4106 praebeat.
376 4021 489 4104 ltaque
519 4021 648 4083 illorum
678 4019 856 4083 commodis
885 4042 922 4084 eo
952 4019 1187 4100 consuluimus,
1222 4020 1309 4102 quod

164 4130 292 4193 fabulae
323 4127 458 4192 alicuius
490 4128 631 4210 aliquam
663 4150 792 4190 scenam
823 4125 989 4210 (potuerat
1023 4127 1108 4191 enim
1142 4126 1311 4208 quaelibet

166 4237 231 4299 alia
254 4234 367 4319 deligi)
392 4236 439 4298 ita
463 4239 693 4319 perpurgatam
719 4234 921 4317 pristinoque
944 4233 1042 4297 nitori
1063 4255 1121 4296 suo
1141 4254 1200 4314 pro
1222 4233 1309 4295 virili

164 4347 254 4424 parte
278 4342 464 4404 restitutam
488 4340 725 4425 proposuimus,
749 4343 784 4403 ut
805 4343 928 4403 etcum
948 4340 1072 4405 minore
1092 4360 1191 4422 quam
1212 4345 1310 4402 antea

164 4447 337 4512 offensione
360 4452 392 4511 et
412 4452 448 4511 ut
467 4468 633 4530 speramus
653 4469 726 4511 cum
746 4446 855 4529 aliqua
874 4447 1041 4530 voluptate
1060 4436 1125 4529 logi
1146 4443 1308 4529 intellegi·
