2962 5032
273 331 336 396 756
768 345 925 395 manno.

271 490 308 578 9)
333 490 459 576 Corpus
483 464 731 576 idscriptionum
749 491 982 571 Rhenanarum
1005 489 1143 555 consilio
1167 493 1201 554 et
1225 490 1418 556 auctoritate

361 599 526 663 societatis
550 598 809 681 antiquariorum
833 596 1009 661 Rhenanae
1033 596 1080 660 ed.
1110 596 1196 661 Gnil.
1225 595 1417 661 Brambacb

359 702 530 769 Praefatus
554 707 604 769 est
627 703 661 768 F.
687 703 823 769 Ritschl.
850 703 1021 769 Elberfcld
1047 703 1140 768 1867.
1168 701 1328 768 Vorrede.

826 1059 857 1123 V

757 1197 931 1280 Zuaatze.

834 1361 860 1422 1.

418 1484 825 1566 Dedicationsepistel
848 1482 989 1547 auden
1012 1481 1154 1546 Grafen
1179 1481 1266 1546 Orti

272 1605 320 1693 (in
345 1608 506 1692 ‘Dionysii
530 1607 831 1672 Halicarnassensis
854 1606 1056 1690 prooemium
1080 1605 1328 1689 Antiquitatum
1352 1605 1411 1669 Ro·

272 1737 442 1780 manarum
457 1737 474 1778 e
489 1715 653 1780 codicibus
669 1736 754 1797 mss,
769 1714 808 1778 de
823 1735 961 1796 quorum
975 1712 1083 1776 indole
1099 1715 1132 1776 et
1147 1734 1207 1776 usu
1222 1711 1414 1795 disputatur,

295 1822 499 1885 emendatum
523 1820 563 1883 ab
588 1819 623 1884 F.
647 1818 697 1883 R?
721 1818 856 1884 Vratisl.
880 1841 929 1902 ap.
954 1817 992 1881 G.
1015 1817 1072 1881 Ph.
1096 1817 1260 1882 Aderhola
1288 1817 1385 1903 1838)

220 1980 259 2019 111
362 1959 626 2026 FRIDERIOVS
641 1957 983 2044 RITSCHELIVSlS.
991 1959 1023 2023 P.
1033 1956 1255 2045 DlIOANNI
1271 1959 1416 2025 HIERO-

271 2068 398 2133 NYMO
424 2073 428 2148 Ι
454 2066 604 2132 COMITI
639 2067 698 2132 DE
730 2065 889 2132 HORTIS
926 2065 985 2132 DE
1017 2064 1115 2130 MAN
1120 2066 1210 2136 Ana
1237 2072 1243 2143 Ι
1271 2065 1416 2131 NOBlLl

271 2173 551 2256 VERONENSU
573 2171 709 2239 MVSEI
734 2171 909 2239 PVBLIOI
933 2170 1163 2235 LAPIDARII
1190 2170 1417 2237 VERONEN·

272 2280 334 2346 SIS
348 2279 684 2347 CONSERVATORI
701 2279 705 2366 l
722 2277 959 2343 DIRECTORI
976 2277 1260 2342 POLYGRAPHI
1276 2279 1280 2366 Ι
1296 2276 1417 2344 SARD.

272 2388 451 2454 ORDINIS
475 2385 529 2452 SS.
553 2386 761 2452 MAVRITII
786 2385 843 2450 ΕΤ
868 2384 1030 2449 LAZARI
1053 2384 1213 2461 EQVITI.

361 2529 577 2594 Duodecimus
606 2530 726 2594 mensis
751 2529 874 2614 agitur,
903 2551 1006 2612 equo
1036 2546 1122 2612 TVO,
1150 2546 1417 2596 mnvsrmssrnn

273 2654 400 2718 corias,
424 2636 624 2720 blandaeque
648 2637 737 2699 urbis
762 2653 854 2699 avan
874 2634 1062 2699 dulcissimo
1086 2634 1230 2718 hospitio
1255 2636 1417 2718 dimissus,

274 2766 290 2808 e
319 2744 439 2808 screnis
469 2743 572 2807 hortis
595 2742 811 2825 Hesperidum
840 2744 873 2806 in
901 2741 1098 2826 caliginosas
1127 2742 1264 2808 nebulas
1289 2767 1416 2809 orarum

273 2849 519 2915 Cimmeriarum
543 2850 633 2912 redii.
676 2849 745 2924 Quo
770 2849 1026 2931 omnitempore
1051 2848 1115 2911 dici
1134 2848 1187 2912 vix
1211 2854 1417 2936 potestque

273 2958 334 3020 ties
358 2976 417 3020 TVI
443 2979 478 3019 ac
505 2957 659 3021 virtutum
678 2973 821 3019 TVARvm
841 2955 1130 3039 beneficiorumque
1150 2955 1288 3039 largiter
1311 2958 1345 3020 in
1370 2981 1416 3021 me

273 3065 464 3128 collatorum
488 3067 557 3127 tum
582 3063 666 3146 apud
691 3083 741 3125 me
766 3062 954 3126 memoriam
979 3061 1182 3144 recoluerim,
1215 3066 1287 3126 tum
1313 3087 1415 3128 coram

274 3170 385 3233 amicis
413 3191 471 3251 per
508 3169 700 3233 cottidianas
730 3168 990 3251 opportunitates
1024 3169 1085 3231 sim
1119 3168 1294 3251 professus.
1347 3170 1416 3236 Sive

274 3277 360 3339 euim
391 3296 499 3337 veram
530 3298 588 3338 nec
621 3276 762 3338 fucatam
795 3275 1024 3339 liberalitatem
1057 3293 1152 3338 Tvam
1184 3277 1315 3360 cogito,
1353 3280 1416 3341 sive

274 3405 382 3446 raram
406 3382 502 3445 etiam
527 3382 559 3444 in
583 3380 702 3445 Vestra
730 3387 830 3462 terra,
859 3382 1004 3466 leporum
1035 3383 1177 3446 omnium
1202 3404 1416 3468 venetumque

274 3490 400 3571 altrice,
429 3490 587 3552 sermonis
615 3494 647 3553 ct
671 3513 796 3555 morum
820 3490 1026 3572 suavitatem,
1056 3490 1123 3552 sive
1154 3490 1274 3553 artium
1298 3492 1416 3555 littera

274 3618 407 3679 rumque
440 3617 581 3659 amorem
613 3597 915 3678 flagrantissimum,
945 3596 1013 3658 sive
1047 3597 1239 3659 acerrimum
1275 3598 1415 3661 studium

274 3702 313 3765 ad
338 3701 575 3766 humanitatem
605 3702 883 3767 informandorum
912 3703 1029 3766 civium
1058 3721 1215 3787 Tvonvn,
1245 3709 1416 3790 aptumque

273 3807 369 3871 rebus
392 3809 524 3872 urbanis
554 3810 772 3893 gubernandis
796 3810 975 3894 ingenium:
1008 3832 1080 3874 curn
1105 3812 1208 3873 multa
1232 3833 1321 3894 sane,
1345 3813 1415 3875 dum

274 3916 357 3978 inter
386 3915 558 3997 populares
587 3933 674 3978 nvos
705 3939 827 3999 moror,
865 3917 913 3979 vel
948 3917 1188 3980 benevolentiae
1223 3917 1416 3982 documenta

274 4026 424 4103 expertus
458 4021 519 4084 sim
556 4020 606 4083 vel
641 4023 741 4104 digna
776 4022 994 4086 aemulatione
1024 4023 1170 4105 exempla
1201 4026 1417 4108 cognoverim,

273 4131 382 4190 tamen
409 4128 459 4189 cui
480 4128 536 4191 uni
556 4132 699 4205 tantum,
722 4133 877 4210 quantum
899 4147 982 4212 mm,
1006 4134 1038 4191 et
1057 4129 1191 4192 debeam
1216 4134 1248 4193 et
1268 4133 1416 4212 tribuam,

274 4234 419 4314 profecto
449 4233 515 4297 seio
544 4234 712 4296 neminem.
763 4235 943 4299 Recordare
976 4258 1095 4319 quaeso
1124 4236 1212 4299 illius
1245 4237 1325 4321 diei,
1357 4260 1416 4322 quo

274 4357 317 4401 'ra
341 4340 421 4403 duce
445 4345 478 4403 et
501 4342 675 4424 interprete
694 4340 841 4405 Museum
861 4340 1020 4426 Scipionis
1041 4343 1148 4405 Maffci
1173 4344 1305 4407 nomine
1331 4347 1414 4408 nobi·

273 4445 416 4530 litatum,
438 4466 506 4510 rvr
535 4454 643 4511 autem
663 4448 823 4513 industria
842 4449 959 4513 laetius
980 4449 1013 4512 in
1032 4450 1099 4512 dies
1120 4450 1337 4536 efflorescens,
1360 4472 1415 4535 ego
