2962 5032
497 339 761 388 auaunarrours
784 339 991 388 aarvuruaa.
1249 320 1313 386 529

172 499 306 548 savssvs
331 498 543 547 Pnruauours
568 504 584 545 e
608 484 745 568 prologo
770 483 899 547 fabulae
923 482 1065 547 discitur.
1098 481 1203 546 Vnius
1228 480 1314 544 enim

172 589 282 673 graeci
308 588 444 671 exempli
467 611 585 653 nomen
607 590 741 654 inscribi
765 589 896 654 solitum
920 594 982 672 est,
1010 589 1136 652 etiamsi
1161 588 1224 652 duo
1248 587 1314 651 fue·

170 701 248 759 runt
272 717 355 779 quae
378 694 498 758 latinus
522 700 618 779 poeta
641 698 675 761 in
699 697 862 761 condenda
885 696 997 760 fabula
1016 699 1144 760 secutus
1163 698 1257 759 essct.
1284 692 1313 757 E

171 801 296 866 duobus
321 804 429 865 autem
453 803 551 865 etiam
576 801 802 895 Trinummum
826 827 845 866 a
869 802 984 867 Plauto
1008 802 1313 867 contaminatam

172 930 243 973 esse
266 910 301 971 in
326 907 456 993 egregia
479 910 752 974 commentatione
776 910 846 991 illa,
877 931 974 993 quam
998 911 1037 974 de
1060 908 1201 974 Volcatii
1226 905 1313 971 Sedi-

171 1017 232 1100 giti
255 1037 378 1103 canone
406 1016 548 1099 scripsit,
575 1015 778 1102 Ladewigius
803 1017 954 1100 coniecit,
981 1020 1106 1100 partem
1130 1013 1314 1100 argumenti

171 1143 189 1185 e
211 1120 383 1185 Menandri
397 1125 663 1217 ,Παρακαταθήκῃ
687 1129 836 1208 repetens
860 1147 889 1207 p.
909 1123 952 1187 34
963 1145 1010 1208 sq.
1047 1120 1145 1187 Cuius
1170 1121 1313 1185 subtilis·

171 1229 272 1292 simae
306 1228 519 1312 disputationi
552 1251 618 1295 non
649 1231 753 1296 habeo
786 1231 872 1315 quod
905 1229 1034 1294 addam:
1071 1251 1145 1293 nam
1174 1250 1247 1292 cum
1275 1227 1313 1292 de

170 1357 287 1400 caussa
315 1337 467 1400 universa
495 1340 565 1400 tum
593 1336 632 1400 dc
660 1336 797 1422 singulis
826 1337 1026 1401 documentis
1054 1335 1213 1400 lubricum
1243 1356 1313 1400 esse

169 1443 323 1507 iudicium
346 1443 416 1526 ipse
439 1465 504 1507 non
527 1443 753 1508 dissimulavit.

260 1621 376 1685 Restat
401 1625 439 1684 ut
465 1621 551 1684 curis
580 1620 728 1684 secundis
758 1642 831 1685 cum
859 1620 893 1685 in
916 1624 1031 1705 poetae
1055 1621 1161 1686 verbis
1186 1624 1256 1684 tum
1279 1621 1313 1684 in

169 1728 222 1791 his
245 1726 489 1812 Prolegomenis
513 1729 670 1812 quaedam
693 1729 743 1792 vel
768 1729 928 1814 corrigam
951 1730 1003 1793 vel
1028 1731 1224 1794 confirmem.
1270 1727 1314 1792 Et

123 1865 126 1876 »
170 1834 205 1897 in
236 1835 308 1918 ipsa
339 1835 452 1900 fabula
484 1837 624 1919 primum
659 1836 815 1900 debebam
847 1836 930 1901 Italo
963 1837 1136 1902 correctori
1170 1835 1313 1919 obsequi,

169 1941 391 2006 Mercaturooc
411 1964 455 2007 oo
477 1945 598 2008 uenalis
619 1943 728 2007 imbuit
750 1966 778 2008 v.
802 1943 867 2008 332
891 1944 1044 2009 scribenti
1055 1944 1087 2028 *)
1109 1965 1169 2028 pro
1196 1962 1313 2006 merco-

170 2052 324 2112 araone:
358 2049 443 2133 quod
472 2071 545 2114 cum
573 2050 651 2114 olim
679 2054 843 2133 putassem
868 2049 1031 2115 Ciceronis
1059 2051 1205 2134 exemplo
1234 2071 1311 2135 quo·

169 2154 243 2219 dam
272 2155 401 2220 defendi
427 2178 536 2239 posse,
567 2178 652 2221 nunc
680 2180 744 2222 non
767 2161 861 2221 teneo
885 2157 1062 2222 diutina-
1076 2157 1115 2222 V.
1139 2157 1201 2221 531
1226 2157 1463 2220 Hemcocxxm

169 2262 328 2344 particula
358 2262 477 2327 rectius
508 2267 586 2347 puto
618 2266 709 2327 extra
738 2263 823 2327 hunc
846 2286 974 2328 versum
1005 2265 1199 2348 ponebatur:
1235 2263 1313 2328 Istic

169 2368 248 2448 [Em
270 2369 339 2433 istic
362 2366 479 2449 Trin.²]
503 2375 618 2451 oportet
639 2370 739 2452 opseri
761 2391 859 2435 mores
881 2371 989 2436 motos.
1005 2408 1046 2417 —
1060 2370 1100 2435 V.
1111 2370 1175 2435 659
1199 2392 1312 2436 vereor

168 2496 209 2537 ne
233 2474 333 2537 nimia
357 2475 518 2540 modestia
540 2477 695 2541 librorum
720 2477 913 2561 scripturam
938 2478 1091 2561 omnium,
1114 2477 1211 2541 etiam
1236 2476 1311 2540 Am·

168 2581 322 2664 brosiani‚
345 2583 516 2671 servarim:
552 2584 598 2647 Et
620 2583 676 2647 tibi
698 2604 793 2662 nunc,
815 2586 948 2666 proinde
969 2589 1005 2648 at
1026 2605 1151 2664 merere,
1173 2604 1311 2648 supernus

167 2686 261 2752 lrubco
280 2689 419 2770 pretias:
444 2710 541 2772 quam
564 2689 599 2752 iu
621 2689 714 2754 habco
731 2710 886 2754 crimmum
901 2691 1038 2773 qratiam
1061 2682 1309 2754 convertendam

168 2782 247 2858 esse
262 2795 384 2879 primus
400 2795 476 2859 Ant.
490 2795 623 2859 Reinius
648 2818 738 2860 meus
761 2797 844 2860 dixit
866 2819 905 2860 ea
922 2796 1193 2861 commentatione
1213 2818 1309 2880 quam

167 2903 276 2964 annot.
291 2900 331 2963 ad
350 2923 379 2964 v.
394 2901 459 2965 820
477 2891 788 2987 commemoravi.**)
821 2899 976 2966 Caussam
999 2906 1111 2966 tamen
1133 2901 1310 2967 modestiae

167 3005 252 3070 hanc
275 3007 435 3072 habebam
459 3006 555 3091 quod,
578 3030 650 3071 cum
673 3008 872 3092 reliquorum
897 3008 1116 3092 exemplorum
1140 3007 1180 3071 ad
1203 3007 1309 3073 defen-

168 3111 306 3176 dendum
329 3113 496 3199 pluralem
524 3114 725 3197 prolatorum
754 3116 877 3180 nullum
903 3115 952 3179 vel
977 3119 1089 3199 aptum
1112 3114 1164 3178 vel
1187 3118 1309 3179 certum

167 3239 237 3282 esse
262 3223 413 3284 accurata
431 3219 487 3283 ille
506 3219 724 3304 disputatione
744 3223 912 3305 effecisset,
934 3225 1043 3285 tamen
1062 3242 1162 3285 unum
1181 3226 1309 3305 praeter

167 3323 349 3389 Trinummi
372 3347 500 3390 versum
524 3326 673 3390 videbam
697 3329 845 3393 relictum
869 3350 938 3401 esse
960 3325 1094 3392 Poenuli
1118 3326 1158 3410 V,
1175 3328 1206 3410 4,
1232 3328 1308 3392 104:

167 3430 216 3494 Di
243 3433 371 3513 deumne
399 3453 515 3510 omaro,
544 3433 632 3498 uobis
658 3434 750 3499 babeo
773 3435 880 3498 merito
903 3454 1034 3516 mupoos
1053 3433 1183 3515 protros,
1211 3456 1308 3517 quam

167 3537 361 3621 scripturam
390 3539 468 3605 item
492 3540 566 3603 libri
589 3563 702 3605 omnes
725 3546 901 3606 testantur:
938 3563 1013 3604 narn
1037 3540 1071 3603 in
1095 3538 1157 3604 hoc
1179 3541 1308 3624 quidem
1369 3612 1372 3617 ,

167 3642 336 3707 tractando
360 3643 476 3710 Reinio
506 3646 628 3728 aliquid
656 3647 789 3712 humani
824 3647 948 3711 accidit.
981 3683 1025 3694 -
1052 3643 1092 3709 V.
1118 3646 1200 3710 1071
1234 3670 1307 3712 con·

167 3754 257 3814 stans
281 3750 434 3835 loquendi
457 3775 534 3816 usus
559 3753 726 3817 Plautinus
750 3754 935 3837 flagitabat,
963 3758 999 3816 ut
1022 3758 1103 3817 ostric
1124 3752 1158 3816 is
1179 3773 1223 3816 aa
1245 3774 1308 3817 ooo

271 4050 296 4119 *)
316 4051 578 4122 [uuacuruuauart
598 4051 804 4107 Studemundus
822 4054 942 4108 testatus
961 4053 1004 4107 est
1022 4054 1131 4107 exstare
1148 4051 1179 4107 in
1198 4053 1246 4124 A.]

254 4158 296 4228 **)
316 4160 442 4231 [Quaest.
462 4161 553 4216 Plaut.
573 4166 643 4231 part.
664 4162 684 4229 I,
704 4162 747 4216 ed,
767 4161 922 4215 Greieldiae
941 4176 966 4218 a.
978 4165 1056 4229 1834,
1075 4179 1102 4230 p.
1115 4166 1161 4225 133
1183 4161 1306 4215 ceterum

164 4247 192 4301 in
212 4248 254 4302 ed.
266 4249 314 4304 att.
333 4266 465 4303 rumorum
483 4251 584 4304 oaoeoo
601 4252 721 4320 pralium
740 4267 802 4304 cum
822 4249 1002 4305 Fleckeiseno
1020 4249 1099 4304 dedit
1116 4247 1306 4318 Ritschelins]

218 4409 258 4445 ru.
274 4410 423 4444 arrscuaau
444 4410 580 4446 orvscvnA
599 4412 623 4447 v.
1059 4398 1093 4446 34
