2962 5032
437 292 704 342 snsnnlrronis
728 293 934 341 curvamus.
1199 277 1263 342 367

112 433 244 499 discis
262 434 502 519 persequendis.
538 435 589 502 Ac
607 436 760 502 metricae
779 436 1053 521 prosodiacaeque
1072 436 1151 501 artis
1170 435 1265 500 Plau·

111 541 208 606 tinae
237 541 406 608 universae
434 565 530 628 quam
559 548 593 609 et
621 544 721 610 debeo
749 544 925 609 lectoribus
953 548 986 608 et
1009 542 1128 607 dudum
1152 542 1265 627 paravi

111 648 240 714 iustam
263 649 457 735 plenamque
481 651 735 736 enarrationem,
763 655 833 716 tum
857 650 948 715 edam
972 673 1045 716 cum
1070 650 1195 735 aliquot
1217 649 1264 714 fa·

111 757 267 822 bularum
300 756 560 823 emendationem
592 758 774 824 absolvero:
808 781 828 822 a
860 780 923 842 quo
955 761 1122 842 tamquam
1150 755 1264 821 funda·

112 868 229 930 mento
251 864 417 950 profectus
446 865 685 931 molestissimis
712 864 750 930 de
775 866 978 950 singulorum
1002 865 1147 929 locorum
1166 862 1264 948 scrip·

111 976 194 1038 tura
211 972 486 1057 disputationibus
505 973 730 1058 supersedebo,
754 974 822 1038 sine
841 973 959 1057 quibus
978 993 1064 1038 nunc
1086 970 1264 1037 illiusmodi

111 1078 201 1144 nihil
228 1079 364 1145 tractari
393 1084 497 1164 queat
544 1080 659 1165 ltaque
687 1080 926 1164 inpraesentia
949 1079 1113 1164 etcepita
1134 1082 1264 1143 tantum

114 1187 166 1251 rei
198 1187 415 1271 perstringam
449 1191 482 1252 et
509 1186 691 1253 Trinummi
724 1187 931 1271 potissimum
964 1186 1080 1251 linibus
1109 1208 1161 1250 me
1189 1207 1263 1251 eon·

111 1292 238 1358 tinebo.
274 1293 398 1371 Quodsi
416 1315 550 1379 operam
569 1317 675 1359 meam
698 1316 828 1359 onmem
852 1316 963 1359 eorum
987 1293 1062 1358 volo
1087 1290 1159 1357 rudi
1182 1291 1264 1356 iner-

113 1399 184 1464 tiae
212 1401 398 1485 oppositam
429 1422 498 1466 esse
529 1401 599 1487 qui,
631 1405 668 1466 ut
696 1401 877 1466 Hermanni
907 1399 1006 1465 verba
1036 1421 1109 1464 mea
1137 1399 1264 1483 faciam,

114 1506 287 1572 devoratas
312 1529 385 1573 curn
408 1508 498 1575 omui
521 1509 671 1593 squalore
695 1530 803 1574 sacras
827 1506 1032 1571 membranas
1056 1510 1089 1571 et
1107 1527 1263 1591 procusos

116 1613 161 1677 ab
184 1635 254 1679 sese
276 1614 490 1701 confragosos
513 1637 666 1682 numeros
685 1615 755 1679 sine
775 1613 933 1680 cruditate
952 1616 1170 1697 concoquunt:
1195 1612 1263 1677 eius

120 1721 272 1805 reiquae
295 1721 440 1787 rationes
463 1721 615 1807 habeam,
643 1744 716 1787 cum
741 1743 839 1806 supra
862 1720 1044 1806 significavi
1071 1720 1177 1804 capite
1204 1736 1265 1804 vn,

115 1831 188 1892 tum
211 1827 289 1893 olim
312 1829 347 1893 in
370 1828 510 1914 epistula
533 1829 591 1895 illa
612 1827 1037 1913 Mediolanensi‘explieari,
1060 1830 1131 1892 tum
1153 1827 1264 1911 paullo

115 1934 249 2000 uberius
272 1935 319 2001 eis
343 1940 530 2020 persecutus
559 1959 631 2001 sum
654 1936 772 2021 quibus
796 1939 829 2000 et
850 1935 959 2019 legere
983 1938 1015 1999 et
1037 1955 1149 1998 versus
1173 1955 1265 1999 scan-

115 2042 192 2107 dere
209 2043 409 2109 nescientem
427 2043 536 2108 nescio
556 2065 621 2129 quo
636 2064 785 2108 successu
800 2063 904 2124 nuper
919 2044 1054 2107 conatus
1070 2064 1142 2107 sum
1157 2041 1264 2126 legere

115 2154 150 2215 et
172 2150 325 2216 scandere
348 2149 463 2216 docere
486 2151 521 2215 in
539 2149 652 2215 Museo
671 2153 783 2216 nostro
802 2148 1011 2233 philologico.
1048 2146 1093 2212 Et
1110 2148 1145 2212 in
1164 2147 1265 2212 libro·

115 2278 189 2321 rum
217 2256 347 2342 quidem
374 2278 449 2322 mss.
473 2255 536 2323 fide
566 2256 621 2341 qui
649 2256 744 2320 fidem
768 2276 897 2321 emnem
920 2258 1098 2319 metrorum
1122 2275 1192 2319 esse
1215 2275 1265 2319 re·

114 2364 259 2448 positam
285 2362 414 2447 volunt,
440 2385 552 2429 eorum
583 2363 664 2427 satis
688 2362 838 2427 demirari
863 2383 935 2426 cum
958 2361 1090 2447 ignaria
1114 2361 1264 2426 coniunc-

114 2474 185 2535 tam
203 2470 457 2537 inconstantiam
475 2492 541 2535 non
560 2492 745 2554 possumus:
765 2470 820 2554 qui
840 2491 903 2553 quo
922 2468 1053 2533 tandem
1073 2473 1264 2555 argumento

115 2575 196 2642 illud
219 2576 403 2661 defendent,
425 2576 512 2661 quod
535 2599 600 2643 non
624 2578 723 2641 etiam
747 2576 891 2642 senarios
915 2575 1062 2659 potuisse
1085 2575 1193 2660 quinis
1212 2574 1263 2640 vel

116 2685 261 2768 septenis
294 2683 431 2768 pedibus
465 2684 615 2768 componi
648 2682 853 2748 crediderunt
884 2679 924 2768 (e.
953 2704 978 2748 c.
1009 2681 1118 2766 quinis
1146 2704 1174 2747 v.
1200 2681 1265 2748 752

115 2792 220 2878 ipsius
244 2790 323 2856 adeo
343 2789 553 2856 Ambrosiani
572 2787 803 2876 auctoritate)?
828 2790 879 2855 vel
903 2789 1082 2856 molossum
1104 2810 1165 2873 pro
1188 2811 1264 2874 pyr·

116 2898 243 2964 rhichio
266 2897 345 2982 poni
368 2901 402 2962 et
424 2898 653 2982 monosyllaba
676 2898 835 2964 vocabula
862 2920 922 2982 pro
945 2895 1264 2981 proceleusmaticis‘?

115 3006 168 3071 rel
200 3008 238 3070 ut
270 3003 312 3070 ad
348 3003 436 3070 aliud
467 3026 569 3090 genus
609 3006 720 3070 eadem
752 3004 958 3071 ratiocinatio
996 3003 1265 3087 accommodetur,

118 3112 306 3198 genetivum
329 3110 548 3176 ablativumve
580 3111 659 3196 poni
691 3133 751 3195 pro
783 3108 1009 3177 nominativo?
1041 3110 1092 3175 vel
1124 3110 1264 3195 primam

116 3240 290 3304 personam
308 3239 368 3303 pro
388 3202 528 3284 secunda
546 3217 705 3282 tertiave?
725 3218 854 3301 quando
873 3218 989 3283 talium
1006 3216 1090 3282 nihil
1109 3221 1159 3282 est
1178 3215 1264 3302 quod

116 3349 183 3392 non
206 3324 420 3411 apertissimis
444 3322 590 3390 codicum
608 3323 804 3389 testimoniis
822 3324 956 3389 nitatur.
993 3321 1123 3387 Scilicet
1141 3322 1264 3407 inipso

117 3438 286 3518 tamquam
313 3431 487 3517 principio,
516 3431 601 3516 quod
629 3453 752 3496 meram
781 3431 964 3496 barbariem
993 3450 1071 3514 prae
1099 3451 1133 3494 se
1156 3430 1368 3514 ferret,oxv11

118 3540 293 3606 subsistere
321 3538 417 3604 veriti
443 3538 477 3602 in
505 3536 613 3604 media
640 3538 694 3603 via
722 3538 936 3603 substiterunt
964 3539 997 3600 et
1024 3536 1163 3601 mediam
1191 3537 1263 3601 bar·

118 3648 243 3713 bariem
266 3645 446 3712 exosculati
470 3648 560 3729 sunt,
582 3667 647 3710 non
671 3647 858 3729 reputantes
883 3644 1054 3728 adipsum
1077 3645 1184 3727 finem,
1208 3642 1264 3727 qui

71 3814 76 3821 .
116 3778 182 3820 non
210 3754 401 3820 coniunctae
429 3775 502 3818 cum
531 3752 686 3817 mediocri
715 3751 864 3816 barbarie
887 3750 1057 3815 mediocris
1081 3749 1264 3834 elegantiae

117 3866 169 3927 est
187 3860 243 3926 sed
261 3863 504 3927 consummatae
524 3859 613 3943 artis,
630 3863 817 3943 penetrasse
837 3878 974 3943 quorum
994 3877 1093 3941 opera
1110 3879 1265 3944 umquam

118 3969 289 4054 quicquam
317 3968 369 4033 vel
397 3968 430 4031 in
458 3967 671 4052 grammatica
698 3964 872 4049 disciplina
899 3965 949 4029 rel
976 3964 1010 4028 in
1034 3965 1169 4030 metrica
1191 3985 1264 4049 pro·

117 4075 240 4140 fectum
258 4075 310 4140 sit
346 4073 423 4140 Non
441 4073 555 4158 ignoro
575 4072 733 4158 equidem,
756 4076 836 4156 quot
858 4075 1060 4155 quantasque
1083 4071 1145 4135 hoc
1163 4090 1264 4155 genus

119 4204 213 4247 omne
242 4186 275 4247 et
301 4180 467 4247 cautiones
491 4184 523 4244 et
547 4179 768 4245 dubitationes
795 4179 928 4260 habeat,
957 4177 1042 4262 quod
1069 4175 1198 4241 facilius
1222 4175 1266 4239 sit

118 4293 365 4375 praeceptorum
388 4287 563 4353 severitate
586 4307 697 4372 regere
721 4308 832 4372 quam,
861 4307 956 4369 quem
984 4284 1129 4348 libertati
1156 4282 1263 4347 locum

118 4397 228 4483 legum
261 4396 438 4463 necessitas
471 4394 682 4477 concesserit,
713 4392 880 4477 indagare:
917 4391 953 4456 in
987 4412 1051 4474 quo
1086 4411 1152 4454 non
1189 4409 1264 4454 raro
