2962 5032
511 100 516 107 '
561 124 790 172 nnrmmsona
814 125 940 173 aaran.
1259 110 1322 173 679

172 268 301 352 pliores
324 271 402 332 sunt
423 272 457 331 et
480 266 718 351 locupletiores,
741 290 777 332 eo
802 291 879 333 sane
894 274 935 333 -et
958 270 1048 353 optio
1072 269 1205 334 liberior
1224 274 1256 333 et
1274 270 1322 333 in·

174 373 306 460 signior
334 373 502 439 nominum
531 374 696 458 splendor:
734 397 797 459 quo
826 374 853 440 si
877 375 1000 440 aceedit
1023 376 1131 454 lautus
1154 375 1321 441 dectrinae

175 485 371 565 apparatus,
398 502 463 545 non
491 485 630 565 possunt
657 481 732 546 hinc
761 503 826 546 non
854 481 976 547 fructus
1000 482 1034 548 in
1057 483 1184 548 litteras
1207 483 1321 547 redun-

173 587 256 652 dare
279 608 353 652 raro
377 588 525 672 exemplo
548 589 721 673 praeclari,
750 592 782 654 et
809 589 950 673 dignitas
974 589 1064 654 nasci
1088 591 1169 654 bene
1192 589 1321 653 merito·

173 715 250 759 rum
279 693 487 759 multitudine
515 695 663 779 quaesita
693 717 850 779 veraeque
885 697 1013 761 virtutis
1047 696 1142 761 laude
1175 697 1320 762 affluens.

176 799 241 866 Sed
265 800 349 866 hanc
373 800 500 866 laudem
524 800 600 866 dum
624 801 779 885 minores,
807 824 887 887 quas
912 801 1222 886 commendavimus,
1250 827 1320 869 aca-

175 907 304 973 demiae
336 908 599 992 aemulabuntur,
629 930 695 974 non
728 909 790 973 erit
820 909 967 992 profecto
1000 909 1086 993 quod
1115 910 1168 974 vel
1201 911 1320 975 iustam

175 1015 317 1099 gloriam
340 1018 508 1100 tamquam
530 1036 704 1101 germanae
727 1018 806 1079 natu
830 1015 946 1081 maiori
969 1016 1138 1081 inrideant
1160 1017 1210 1079 vel
1235 1015 1320 1081 debi-

175 1127 245 1187 tam
282 1121 313 1187 ei
348 1123 608 1207 praerogativam
640 1122 799 1208 denegare
833 1122 979 1187 animum
1012 1122 1176 1188 inducant.
1231 1122 1319 1188 Talis

176 1233 287 1295 autem
309 1229 555 1315 praerogativae
578 1229 648 1294 iura
667 1231 700 1293 et
717 1229 832 1293 decora
852 1228 969 1314 quibus
989 1229 1133 1294 consiliis
1152 1230 1320 1314 dirigenda

177 1336 359 1421 quibusque
383 1337 501 1401 finibus
524 1336 814 1402 circumscribendo
837 1357 907 1401 esse
926 1335 1104 1420 rideantur,
1128 1358 1194 1402 non
1212 1337 1317 1422 magis

176 1448 227 1508 eat
249 1443 347 1508 huius
370 1443 434 1508 loci
456 1441 617 1527 persequi,
640 1465 735 1528 quam
758 1444 899 1529 reliquas
922 1448 1032 1528 partes
1056 1443 1247 1527 adornandi,
1270 1443 1316 1507 di·
1331 1468 1352 1507 x

178 1548 327 1633 gerendi,
360 1548 606 1613 administrandi
640 1549 707 1614 eius
740 1549 883 1615 instituti
906 1551 1098 1637 singillatim
1128 1551 1318 1634 describere,

162 1656 268 1739 ⁴ouius
290 1655 373 1720 nihil
396 1655 460 1720 nisi
484 1677 643 1721 summam
667 1656 827 1742 quandam
851 1658 1013 1723 voluimus
1037 1658 1239 1743 populariter
1263 1658 1317 1723 ad·

175 1764 328 1829 umbrare
352 1767 385 1827 et
407 1763 473 1828 vim
496 1763 681 1829 universam
705 1764 896 1850 significare.

264 1870 470 1935 Revertimur
491 1868 592 1954 igitur
614 1870 697 1935 unde
720 1871 826 1937 exorsi
849 1893 971 1961 sumus,
994 1870 1035 1936 ad
1054 1871 1122 1936 eius
1142 1890 1316 1937 ramerius

174 1977 415 2043 sanctissimam
442 1977 714 2063 recordationem,
745 1978 796 2066 cui
823 1981 856 2042 et
884 1978 1029 2043 inclitam
1058 1979 1254 2043 academiam
1283 1984 1316 2043 ct

172 2108 239 2153 non
269 2085 375 2150 minus
402 2084 532 2149 inclitas
560 2085 790 2150 universitates
819 2107 894 2150 suas
921 2090 990 2150 tam
1019 2107 1089 2149 esse
1118 2085 1205 2151 cordi
1234 2086 1315 2151 scia·

172 2215 261 2278 mus,
289 2191 366 2257 hinc
389 2195 426 2256 ut
448 2192 628 2277 gratissimi
652 2192 753 2257 animi
776 2192 970 2258 testificandi
994 2214 1108 2257 caussa
1131 2192 1315 2278 locupletis-

172 2300 258 2364 sima
278 2298 457 2365 hauriatur.
488 2298 585 2365 Faxit
607 2300 708 2384 igitur
724 2298 812 2364 Deus
832 2298 984 2382 Optimus
1007 2297 1176 2381 Maximus,
1200 2304 1236 2362 ut
1258 2321 1315 2383 per

172 2406 402 2490 longissimum
435 2429 593 2472 annorum
626 2406 766 2489 spatium
799 2404 972 2469 incolumis
1001 2404 1095 2469 nobis
1128 2407 1160 2468 et
1189 2403 1313 2468 civitati

170 2515 306 2577 nostrae
329 2515 362 2576 et
384 2512 553 2576 universae
572 2512 697 2596 patriae
717 2514 925 2576 conservatus
949 2528 1016 2574 nux
1038 2526 1313 2576 Avevs'rrsslrsvs

169 2617 391 2705 largissimam
415 2619 478 2684 sibi
501 2618 629 2703 copiam
653 2620 816 2682 inventam
840 2616 1023 2701 gratuletur
1045 2637 1201 2701 generose
1225 2639 1313 2682 exse·

172 2725 374 2810 quendorum
412 2746 493 2810 quae
531 2728 598 2788 tam
636 2745 790 2809 generose
826 2723 1004 2807 incohavit,
1042 2723 1312 2811 consiliorumque

171 2830 318 2899 omnium
346 2831 446 2916 digna
474 2830 650 2896 maioribus
679 2831 786 2915 gloria
813 2830 1100 2915 perpetrandorum
1125 2832 1312 2916 opportuni-

169 2943 258 3005 tates
279 2938 450 3004 nobisoum
473 2938 613 3002 laetetur
637 2938 907 3021 exoptatissimae.
953 2937 990 3013 Q.
1014 2936 1053 3002 D.
1076 2935 1111 3001 B.
1135 2937 1173 3002 V.

729 3206 757 3270 8.

213 3347 350 3412 Oratio
378 3345 421 3411 de
450 3345 649 3411 Friderioo
678 3345 872 3411 Guilelmo
899 3345 956 3410 Ill
990 3347 1265 3412 universitatis

230 3451 438 3518 Rhenanus
461 3453 664 3519 conditore
688 3453 824 3517 habita
847 3452 907 3518 die
934 3453 990 3519 ΙΙΙ
1016 3477 1056 3518 m.
1079 3453 1247 3540 Augusti

646 3583 673 3625 a.
700 3557 834 3645 1865.*)
1235 3568 1238 3573 '

257 3699 406 3786 Quinque
430 3703 605 3767 lustrorum
629 3702 786 3786 spatium,
809 3701 972 3767 auditores
996 3725 1054 3768 suo
1078 3705 1214 3789 quisquc
1239 3705 1308 3771 loco
1392 3743 1396 3747 ·

167 3808 412 3892 spectatissimi,
441 3809 503 3874 hoc
531 3809 603 3893 ipso
631 3831 716 3874 anno
747 3814 895 3875 exactum
925 3814 986 3895 eat,
1016 3833 1089 3876 cum
1117 3834 1190 3877 eum
1214 3813 1308 3878 nobis

256 4055 280 4124 ⁸)
299 4054 391 4126 [Hane
410 4053 564 4111 orationem
585 4054 713 4111 ultimam
730 4054 761 4113 iu
777 4054 962 4113 unirer-ib*-
1178 4005 1188 4018 ·
1221 4059 1231 4096 ³·
1249 4058 1308 4112 ‘tit

164 4140 288 4198 schelius
310 4141 372 4214 ipso
395 4142 520 4199 eiusdem
542 4141 610 4199 anni
627 4142 789 4199 anama·

163 4230 242 4288 dens.
280 4229 311 4288 G.
329 4232 388 4305 W.]
708 4240 714 4249 ’
