2962 5032
452 348 719 399 aueunrrrorus
743 350 951 399 parvamne.
1209 336 1276 400 465

83 493 216 558 mim
246 495 417 578 exemplis,
450 518 531 578 quae
559 496 642 559 nihil
671 497 811 579 suspecti
840 497 966 561 aliunde
999 497 1153 578 habeant,
1183 497 1275 561 litem

83 590 221 666 illinc
242 623 310 666 non
333 602 499 684 moverim,
522 604 559 665 ut
581 601 672 666 Asin.
696 600 753 685 IV,
779 606 806 686 1,
833 605 885 667 ll:

216 742 270 808 Ne
292 744 423 825 aarum
446 744 576 828 quidem
600 745 657 808 illa
680 746 747 810 lilla
771 746 815 808 sit
838 746 869 809 in
895 746 1041 811 aedibus:

83 881 151 948 in
186 908 258 969 quo
289 886 368 950 adeo
398 887 437 950 ad
467 885 743 970 quadrisyllabum
769 909 880 952 vocem
903 888 1014 953 eadem
1043 889 1176 954 licentia
1202 912 1276 974 pro·

84 1012 242 1076 gressa
276 998 334 1058 est
379 992 455 1059 Non
487 994 592 1078 magis
625 996 660 1059 in
692 995 797 1079 primo
830 994 910 1079 pede
945 1019 1004 1080 pro
1037 996 1189 1061 trochaeo
1219 997 1277 1060 tri·

83 1098 288 1165 brachum
319 1101 497 1166 admissum
529 1101 664 1166 calidius
695 1103 846 1167 damnare
878 1103 996 1186 ausim,
1028 1108 1065 1167 ut
1097 1102 1277 1187 significavi

88 1229 145 1290 p.
158 1223 304 1271 CLXXIX
320 1208 422 1289 {420}
455 1205 516 1272 Sed
539 1209 574 1272 in'
597 1205 696 1273 tertio
720 1210 799 1293 pede
824 1209 927 1273 rnulto
952 1210 1058 1273 minus
1084 1209 1201 1272 similis
1227 1229 1275 1272 ac·

91 1318 245 1378 centus
270 1314 426 1398 probatus
451 1318 510 1396 est,
534 1315 663 1398 qualem
686 1339 717 1380 v.
741 1315 805 1379 503
830 1314 973 1400 Guyetus
997 1314 1121 1379 intulit:

218 1456 324 1541 Eheu,
345 1458 402 1522 ubi
424 1457 473 1521 nil
494 1459 570 1522 ussto
593 1463 664 1523 erat
688 1457 784 1541 dict0,
807 1457 960 1542 spondeo,

97 1600 177 1664 vel
206 1598 324 1664 Bacch.
347 1600 412 1665 223
437 1601 530 1682 [255]
554 1601 693 1666 librarii:

116 1747 123 1753 '
218 1741 386 1809 Volcanus
410 1743 466 1809 Sol
489 1744 584 1809 mind
608 1742 685 1808 Dies
709 1795 725 1802 -
739 1771 788 1802 υι
802 1776 868 1808 υ-.

220 1885 383 1952 Accentus
397 1886 561 1951 licentiam
582 1888 824 1952 senariorum
845 1910 973 1952 omnem
987 1890 1176 1971 persecutus
1191 1909 1277 1951 surn:

109 1992 220 2057 volui
240 1997 326 2056 certe
345 2014 474 2057 omnem
493 1995 652 2077 persequi.
684 1993 805 2070 Quodsi
830 2016 913 2077 quae
936 1995 1139 2079 reperiantur
1162 2015 1277 2077 propo·

108 2099 203 2163 sitis
230 2099 357 2184 legibus
383 2121 449 2164 non
476 2100 725 2184 comprehensa,
754 2100 950 2165 confidenter
974 2101 1102 2184 imputa
1127 2100 1277 2164 librariis.

114 2205 337 2289 Quamquam
372 2206 440 2271 eius
472 2206 599 2291 generis
630 2230 647 2271 e
678 2207 869 2272 Trinummo
899 2229 984 2272 nunc
1014 2208 1096 2272 nihil
1127 2207 1279 2271 recordor

121 2317 263 2396 praeter
286 2314 491 2398 turpissimos
514 2336 665 2380 numeros
689 2337 718 2378 v.
742 2313 819 2378 20οε

221 2454 334 2539 Neque
357 2454 656 2541 mchduciloquiu's*)
680 2478 783 2539 neque
807 2460 958 2542 argutum
983 2458 1096 2542 magis.

132 2596 221 2673 Quae
254 2621 317 2663 vox
347 2599 609 2682 menddcildquius
640 2599 881 2683 pronuntianda
913 2603 983 2663 erat
1014 2599 1211 2682 necessario,
1243 2602 1280 2662 ut

135 2706 280 2787 proximo
304 2727 399 2771 versu
422 2707 715 2789 confidentildquiua
733 2729 798 2772 non
821 2707 1117 2789 confidentiloquius,
1142 2706 1174 2769 id
1194 2705 1278 2789 quod

135 2813 412 2894 perversissimum
440 2812 584 2878 futurum
613 2817 690 2877 erat.
736 2812 849 2878 Ascita
872 2814 973 2898 igitur
997 2835 1035 2877 ex
1059 2812 1276 2876 Ambrosiano
1291 2831 1420 2871 ccxxxrr

134 2920 207 2983 adeo
234 2920 393 3005 particula
415 2923 507 2985 vetus
531 2921 646 2984 vitium
677 2921 724 2985 ita
747 2921 796 2984 uti
828 2920 873 2983 in'
889 2919 1030 2983 editione
1058 2917 1181 2983 factum
1211 2939 1278 2981 sus-

134 3026 260 3112 tuli.**)

222 3134 274 3199 Ad
298 3133 520 3199 trochaicos
548 3140 656 3198 autem
685 3135 932 3219 septenarios
955 3138 992 3198 ut
1015 3137 1193 3216 transeam,
1222 3132 1278 3195 ho-

135 3263 204 3306 rum
234 3241 364 3325 quidem
397 3241 602 3325 rhythmicae
632 3242 774 3306 rationes
805 3264 901 3324 quam
931 3242 1130 3325 propinquae
1161 3259 1279 3324 cogna-

133 3349 231 3413 tionis
255 3349 383 3412 vinculo
407 3370 479 3413 cum
504 3348 703 3412 senariorum
732 3348 914 3412 rationibus
938 3348 1179 3429 contineantur,
1206 3368 1279 3410 curn

134 3476 172 3520 ex
196 3455 252 3538 eis,
276 3476 358 3538 quae
382 3454 487 3518 adhuc
505 3454 643 3519 vidimus
663 3455 831 3537 utriusque
850 3454 977 3540 generis
998 3454 1181 3519 communia
1200 3474 1281 3535 esse,

134 3562 229 3626 facile
253 3562 432 3647 colligitur,
459 3565 529 3626 tum
557 3562 685 3645 plenius
715 3583 752 3625 er
776 3562 822 3625 eis
847 3560 1019 3645 apparebit
1042 3581 1123 3643 quae
1147 3559 1280 3623 dicenda

134 3672 267 3733 restant.
313 3669 421 3752 Atque
451 3673 620 3753 perspecta
650 3671 701 3731 eat
731 3689 770 3730 ca
800 3667 940 3731 affinitas
970 3668 1036 3731 iarn
1066 3690 1086 3730 a
1116 3666 1279 3729 veteribus

135 3774 301 3860 magistris
330 3775 411 3858 illis,
443 3775 498 3858 qui
528 3778 752 3839 tetrametrum
785 3756 984 3838 trochaicum
1013 3774 1059 3837 ita
1089 3772 1281 3836 definierunt

134 3885 170 3945 ut
198 3881 413 3965 compositum
442 3904 512 3948 esse
540 3904 578 3945 ex
608 3881 747 3946 iambico
771 3881 918 3946 trimetro
942 3886 976 3944 et
998 3880 1074 3944 huic
1101 3880 1279 3964 praemisso

223 4112 250 4181 *)
269 4111 370 4182 [‘quod
384 4111 462 4166 nullo
482 4111 565 4166 modo
585 4111 733 4167 defendere
753 4113 949 4167 Lachmannus
968 4110 997 4164 in
1016 4108 1095 4166 Lacr.
1114 4113 1213 4178 p.,129
1233 4108 1279 4163 de·

134 4199 216 4255 buit’
237 4200 339 4271 Trim']

204 4288 249 4358 ”l
268 4288 313 4361 [ln
330 4288 374 4346 od.
388 4289 437 4345 alt.
456 4289 628 4345 Ritsoheliua
647 4308 672 4346 v.
686 4295 740 4345 200
758 4290 844 4345 etiam
864 4292 978 4361 propter
995 4287 1128 4360 languide
1147 4286 1280 4342 iteratum

134 4376 256 4447 dmin
280 4377 350 4433 nu·
374 4377 544 4434 confident&
567 4376 779 4448 interpolationi
800 4377 913 4447 tribuit,
940 4376 1032 4447 qualis
1054 4394 1111 4432 non
1128 4393 1192 4432 raro
1210 4376 1280 4446 ipsis

413 4464 463 4520 ari.
479 4465 741 4537 muliflowdiaque
757 4470 887 4539 grassata
905 4468 949 4534 sit,
969 4466 1047 4521 velut
1064 4485 1090 4520 v.
1110 4466 1225 4536 239sq.]

1032 4562 1066 4609 30
