2962 5032
446 268 449 274 .
489 234 754 284 ausrurrronrs
779 234 985 283 ruavmnea.
1244 219 1305 282 331

169 376 239 440 967.
267 377 344 442 978.
376 377 469 442 1050.
495 377 707 445 1051.1056.
734 376 952 444 1083.1092;
990 398 1125 460 quorum
1159 399 1309 442 versuum

166 483 250 568 perti
279 483 419 567 pristina
447 484 609 568 scriptura
636 485 811 570 eademque
840 485 882 549 ab
911 482 1424 568 ipsoPlautinoeonfor·nxx1v

166 589 358 655 mandarum
382 590 641 656 enuntiationum
664 614 754 657 more
777 590 1005 676 praestabilior
1026 588 1234 655 Ambrosiani
1258 591 1309 655 de·

165 719 254 762 mum
286 696 442 762 beneficio
475 698 629 762 restituta
660 704 719 765 est
772 697 845 764 Hoc
875 697 978 784 igitur
1010 695 1224 762 confidentius
1257 696 1308 760 vel

164 803 353 887 sententiae·
374 824 622 869 numerorumve
651 804 778 870 ratione
806 804 938 870 iubente
966 804 1018 868 vel
1048 802 1204 868 suadente
1236 824 1308 869 oon-
1348 787 1353 797 ’

164 909 355 976 structionis
383 910 612 976 commoditate
640 915 738 996 atque
762 910 978 976 concinnitate
1002 909 1084 975 talia
1106 909 1309 992 reposuimus

163 1022 200 1081 ut
220 1040 250 1081 v.
264 1017 309 1084 85
330 1017 386 1099 peti
402 1038 464 1100 pro
482 1019 565 1099 quod
582 1017 621 1082 ed
636 1017 711 1082 Ioui
732 1017 882 1100 relatum,
905 1016 1137 1101 simillimoque
1160 1017 1309 1099 exemplo

164 1146 193 1189 ι.
217 1124 285 1189 940
307 1128 399 1206 caput
420 1125 524 1189 amnis
545 1125 614 1207 qui,
636 1147 703 1190 non
725 1126 817 1207 quod,
850 1124 930 1189 item
953 1146 982 1188 v.
1005 1124 1071 1189 492
1094 1143 1189 1206 quam
1210 1143 1310 1205 proce,

164 1252 232 1297 non
248 1231 304 1312 qui
320 1251 421 1313 prom,
440 1230 645 1316 eiusdemque
664 1231 791 1317 generis
811 1231 884 1297 alia
915 1229 1059 1307 Evanuit
1076 1250 1161 1294 nunc
1179 1229 1310 1294 tandem

163 1337 264 1403 etiam
284 1336 447 1402 soloecum
465 1337 546 1403 illud
568 1339 632 1420 qui
653 1359 713 1422 epo
736 1361 766 1403 r.
781 1338 856 1421 848,
879 1337 969 1402 cuius
989 1336 1023 1401 in
1041 1337 1148 1402 locum
1166 1337 1242 1418 quta
1259 1356 1311 1419 epo

164 1467 203 1508 ex
218 1443 250 1508 A
268 1447 468 1508 revocatum:
491 1465 568 1508 nam
586 1443 708 1510 frustra
725 1443 857 1510 fuerunt
875 1443 930 1528 qui
949 1442 1030 1507 illud
1050 1443 1178 1508 collatis
1197 1464 1225 1507 v.
1236 1443 1310 1507 929.

164 1550 230 1615 937
255 1548 472 1632 defenderent,
495 1550 613 1634 quibus
636 1552 691 1632 qai
712 1551 783 1633 ipae,
806 1555 919 1634 epornet
941 1555 975 1615 et
992 1551 1055 1634 ptri,
1078 1554 1190 1630 pomer
1211 1548 1309 1614 inter-

166 1656 340 1743 pungendo
355 1655 535 1721 dirimenda
548 1655 687 1723 fuerunt.
711 1655 742 1721 N
743 1679 778 1722 ec
792 1656 865 1741 ptus
880 1656 953 1721 fidei
967 1679 1068 1742 prava
1081 1656 1311 1742 pronominum

165 1763 365 1830 consociatio
393 1784 525 1845 quomam
551 1785 656 1830 eoram
683 1787 712 1828 v.
738 1764 822 1828 1023
850 1763 963 1846 habet,
995 1786 1077 1849 quae
1100 1762 1311 1842 διττογραφία

165 1874 218 1936 est
239 1874 277 1935 ut
299 1894 328 1935 v.
342 1871 395 1936 33.
427 1868 511 1935 Item
534 1870 752 1935 reiectaneum
774 1871 829 1953 pret
851 1892 911 1955 pro
929 1870 999 1953 quie
1021 1870 1055 1934 in
1079 1869 1311 1954 interrogando

165 1977 284 2042 ν.929.
301 1977 399 2044 1083:
423 1980 537 2042 contra
559 1999 618 2061 pro
637 1979 737 2059 ecquis
759 1976 974 2042 revocandum
998 1977 1102 2058 ecqui
1124 1998 1196 2041 cum
1216 1997 1311 2059 saepe

166 2083 254 2169 apud
276 2084 430 2150 Plautum
453 2083 534 2188 alibi
557 2087 628 2150 tum
650 2082 737 2149 Trin.
762 2084 836 2149 870.
930 2132 933 2139 a

632 2385 743 2435 cirre
767 2366 857 2432 VIII.

260 2526 322 2594 Sed
353 2551 393 2593 ne
423 2527 531 2593 delabi
562 2528 602 2592 ad
630 2528 779 2614 vulgaria
806 2527 907 2612 dicar,
940 2528 992 2592 his
1020 2550 1106 2593 nunc
1134 2527 1256 2596 relictis
1280 2528 1311 2593 id

168 2637 281 2723 potius
310 2656 405 2721 agam
432 2634 541 2700 fructu
568 2639 605 2700 nt
633 2634 774 2700 arbitror
796 2633 907 2719 paullo
930 2635 1069 2717 maiore,
1098 2639 1136 2700 ut
1157 2634 1224 2698 iam
1246 2657 1312 2700 non

168 2743 319 2809 discretis
353 2741 545 2808 emendandi
578 2740 751 2826 generibus
784 2744 888 2806 totam
921 2741 1065 2806 fabulam
1098 2764 1118 2806 a
1149 2740 1244 2806 nobis
1275 2744 1313 2804 ut

166 2848 334 2935 potuimus
362 2852 537 2934 purgatam
565 2869 751 2931 percurram
780 2870 819 2912 ex
847 2869 948 2932 eaque
971 2868 1029 2933 per
1052 2852 1196 2913 saturam
1219 2849 1312 2912 nota·

167 2956 288 3023 biliora
314 2974 510 3040 proponam,
543 2953 626 3018 unde
654 2953 778 3039 aliquid
811 2954 984 3037 profecisse
1018 2955 1156 3020 scientia
1182 2954 1311 3041 linguae

168 3062 291 3127 latinae
313 3060 470 3126 rideatur.
1192 3076 1195 3080 “

259 3168 307 3233 Ac
338 3189 424 3232 nova
455 3166 616 3232 vocabule
647 3167 700 3231 vix
733 3167 832 3232 dubia
869 3169 1092 3235 emendatione
1124 3170 1313 3254 prodierunt

169 3301 197 3342 ι.
222 3276 288 3342 292
310 3278 344 3339 et
368 3274 432 3340 693
456 3274 617 3338 lutitant
639 3277 671 3338 et
693 3273 947 3362 contutitet*),
975 3299 1048 3341 cum
1072 3276 1209 3341 ficticiae
1233 3277 1312 3342 lctu-

169 3385 235 3449 lare
270 3387 304 3447 et
334 3381 515 3447 collutulore
550 3380 688 3464 formae,
725 3404 805 3466 quas
841 3404 881 3446 ne
913 3383 1038 3447 codices
1071 3381 1200 3466 quidem
1234 3383 1312 3448 satis

169 3492 314 3573 tuentur,
336 3488 504 3553 'rationem
526 3509 593 3553 non
615 3487 766 3552 habeant.
792 3524 829 3534 -
855 3485 932 3553 Non
954 3488 1059 3574 magis
1082 3492 1168 3570 recte
1191 3488 1312 3553 factum

170 3623 197 3663 v.
222 3599 285 3664 977
310 3595 517 3679 reclmrmtta,
546 3595 632 3680 quod
656 3599 741 3660 esset
765 3594 892 3660 ‘rursus
916 3594 1011 3660 indue
1035 3592 1219 3660 Charmidis
1243 3617 1310 3679 per·
1326 3624 1411 3664 cxxv

170 3703 313 3771 sonam':
346 3703 399 3768 cui
429 3725 502 3767 cum
532 3702 730 3767 contrarium
761 3702 930 3767 dicendum
961 3701 1073 3785 fuerit,
1105 3702 1224 3785 requiri
1256 3703 1312 3767 de·

171 3812 363 3877 charmide
386 3810 595 3896 intellegitur.
610 3846 651 3855 -
668 3808 790 3875 Oontra
811 3832 829 3874 e
852 3810 1009 3875 librorum
1032 3808 1180 3893 vestigiis
1204 3832 1232 3873 v.
1247 3810 1313 3874 912

171 3918 365 3985 suscitatum
406 3921 713 3982 recommentctue
749 3940 817 3983 non
852 3918 926 4001 plus
963 3915 1177 3980 dubitationis
1214 3915 1314 3980 habet

276 4164 367 4236 ·)[V.
388 4171 439 4221 699
467 4163 497 4220 in
524 4164 567 4221 ed.
591 4164 640 4218 alt
663 4180 726 4218 cum
752 4162 874 4234 Bergkio
899 4163 1071 4234 Buggeoque
1099 4161 1314 4217 contundentem

171 4255 285 4310 verbum
307 4253 451 4309 revocavit
473 4251 643 4308 Ititecheline
665 4268 706 4306 ore
728 4251 922 4307 macconem
945 4248 1081 4317 scribens,
1105 4247 1153 4303 ubi
1172 4251 1256 4303 antea
1273 4266 1314 4304 me

171 4347 260 4398 caum
278 4342 419 4398 malutitct
436 4340 573 4412 dederat]
