2962 5032
449 124 745 172 aauruulrrounu
768 126 840 171 uun
864 111 1071 174 illmmclms.
1270 109 1330 172 701

169 263 405 332 humanarum
434 270 467 331 et
494 267 611 332 virium
640 267 867 351 defectionem,
890 268 945 332 sed
969 268 1074 351 floris,
1097 267 1238 351 roboris,
1262 289 1334 353 gra·

168 374 314 452 vitatis,
341 373 544 439 auctoritatis
572 374 807 438 incrementum
835 376 869 438 et
898 379 934 438 ut
964 376 1035 438 uno'
1057 373 1156 437 verbo
1188 373 1332 438 dicamus

168 480 289 565 ipsius
320 481 495 546 senectutis
525 482 739 565 iuventutem,
768 481 823 544 sed
847 481 912 545 vim
936 480 1154 544 immortalem
1178 479 1333 545 divinitus

169 587 311 652 insitae
335 588 466 653 mortali
491 588 602 673 generi
624 587 757 671 indolis,
781 587 837 651 sed
860 608 1034 670 perennem
1059 586 1176 651 summi
1200 585 1333 656 deorum

165 693 344 778 beneficii,
362 695 446 778 quod
466 695 586 759 artium
605 694 850 778 litterarumque
870 694 991 758 lumine
1011 695 1204 778 continetur,
1223 694 1328 778 digni·

163 805 288 865 tatem
313 801 567 866 luculentissime
591 805 762 866 testantur.
808 800 922 885 Itaque
945 805 1118 885 postquam
1144 823 1216 866 cum
1240 801 1331 866 varic

163 912 369 992 temporum
398 909 534 973 decursu
562 911 632 972 tum
661 909 753 994 gravi
780 908 897 972 horum
926 930 1084 973 annorum
1109 907 1332 973 vicissitudine

165 1015 247 1079 iam
273 1015 515 1080 trisaecliscnex
538 1014 710 1079 Albertina
736 1013 855 1079 Vestra
878 1015 1007 1079 virtutis
1031 1016 1119 1079 etin
1143 1015 1261 1081 litteris
1285 1039 1333 1081 or·

166 1121 312 1205 nandis,
335 1120 500 1206 augendis,
523 1121 723 1186 illustrandis
743 1122 944 1206 conspicuae,
967 1125 1001 1186 et
1020 1122 1055 1186 in
1074 1122 1142 1187 vita
1161 1123 1202 1187 ad
1221 1145 1331 1188 veram

168 1227 417 1313 liberalemque
436 1229 676 1293 humanitatem
699 1228 940 1312 conformanda,
963 1228 1223 1315 vindicandaque
1244 1231 1332 1296 omni

176 1355 362 1398 nervorum
386 1335 593 1400 contentione
622 1334 787 1420 cogitandi
816 1334 995 1420 agendique
1019 1336 1051 1400 in
1077 1336 1190 1419 quovis
1214 1357 1333 1421 genero

176 1440 334 1523 veritate,
352 1441 486 1523 iustitia,
505 1440 657 1505 libertale
672 1441 902 1524 comprobatae
917 1441 1100 1526 exemplum
1115 1442 1211 1528 longe
1226 1444 1332 1528 splen·

181 1547 390 1612 didissimum
421 1545 534 1611 edidit:
565 1545 660 1610 huius
692 1546 821 1631 quidem
852 1547 992 1630 exempli
1022 1550 1225 1631 praestantia
1258 1573 1331 1615 cum

182 1654 251 1718 rim
280 1674 485 1718 communem
512 1651 629 1716 debeat
656 1652 688 1715 in
717 1674 889 1737 germanas
917 1655 1043 1738 patriae
1065 1655 1237 1720 universae
1260 1679 1330 1722 aca-

184 1759 308 1824 demias
323 1759 453 1842 habere,
472 1764 541 1823 tum
561 1758 727 1842 aliquanto
747 1761 879 1844 propius
899 1759 1001 1825 videri
1020 1765 1128 1845 potest
1146 1762 1186 1827 ad
1201 1768 1332 1829 nostras

186 1867 396 1950 potissimum
422 1867 566 1930 rationes
596 1866 767 1949 pertinere.
809 1865 976 1932 Habemus
1005 1868 1091 1932 enim
1119 1890 1178 1933 nos
1203 1870 1331 1955 quidem

185 1993 240 2036 cur
268 1971 353 2057 Vos,
382 1977 523 2037 veterem
554 1977 587 2037 et
617 1973 785 2057 antiquam
814 1974 1058 2038 universitatem
1086 1975 1272 2042 adolescens
1300 1981 1333 2042 et

188 2083 356 2164 tamquam
379 2080 573 2164 pubescens,
600 2079 760 2163 imprimis
789 2080 1004 2162 suspiciamus
1033 2079 1255 2167 eVestroque
1282 2106 1333 2146 ex-

185 2187 305 2271 emplo,
334 2191 370 2251 ut
398 2208 415 2250 e
442 2186 504 2249 viri
529 2186 723 2252 auctoritato
751 2187 903 2251 iuvenilis
934 2186 1125 2270 aemulatio,
1149 2188 1332 2254 efficacissi-

184 2314 273 2357 mum
297 2292 428 2357 virtutis
451 2292 696 2357 incitamentum
720 2297 869 2377 petamus
893 2296 926 2357 et
948 2293 1127 2358 voluntatis
1146 2294 1332 2359 firmamen-

183 2404 263 2465 tum.
297 2397 367 2475 Qno
386 2397 519 2482 accedit,
538 2400 623 2483 quod
638 2401 800 2465 consimili
816 2398 1003 2464 condicione
1023 2401 1145 2465 incluta
1159 2400 1332 2464 Albcrtina

182 2504 304 2570 Vestra
334 2509 367 2569 et
396 2505 475 2570 haec
506 2505 682 2571 Fridericia
713 2505 888 2572 Guilelmia
918 2505 1074 2571 Rhenana
1107 2505 1166 2570 hac
1200 2507 1331 2589 utimur,

183 2611 270 2696 quod
300 2612 334 2675 in
363 2613 515 2677 extremis
544 2615 635 2697 regni
660 2613 824 2678 Borussici
847 2613 995 2678 terminis
1020 2613 1197 2678 collocatae
1221 2635 1332 2679 sumus

183 2717 366 2783 certissima
388 2719 580 2783 vernaculae
604 2722 637 2783 et
660 2721 866 2803 incorruptae
899 2718 1064 2799 doctrinae
1088 2720 1333 2804 propugnacula

184 2828 253 2888 turn
278 2847 298 2889 a
320 2825 462 2889 barbara
484 2826 703 2889 illiberalitate
726 2829 797 2889 tum
822 2847 841 2889 a
863 2825 989 2889 liberali
1013 2825 1147 2890 levitate
1166 2826 1328 2891 vindican-

182 2930 250 2995 dae.
295 2929 385 3015 Ergo
409 2930 504 3015 aequi
529 2931 670 3015 bonique
694 2931 864 3013 consulite,
889 2931 1005 3014 quibus
1029 2931 1227 3014 singularem
1250 2935 1330 2996 tem·

185 3057 301 3120 porum
317 3035 508 3101 Vestrorum
523 3036 710 3102 felicitatem
725 3038 810 3102 votis
830 3036 1026 3123 optimisque
1041 3037 1203 3102 ominibus
1222 3059 1333 3120 prose·

183 3143 328 3227 quimur:
351 3164 433 3226 quae
457 3143 641 3207 curavimus
661 3149 697 3208 ut
722 3145 819 3208 etiam
838 3166 947 3208 coram
966 3149 1201 3227 nuncupentur,
1224 3144 1332 3207 missis

182 3247 307 3313 duobus
326 3249 469 3334 collegis,
493 3272 513 3313 a
531 3249 647 3331 quibus
667 3250 728 3315 hae
743 3250 846 3316 Vobis
866 3250 993 3314 litterae
1016 3250 1199 3333 reddentur,
1222 3251 1325 3314 altero

180 3355 285 3439 ipsius
311 3355 500 3420 Albertinae
524 3356 666 3440 alumno,
690 3355 724 3420 F.
748 3354 801 3437 A,
826 3357 1116 3420 astronomicarum
1141 3356 1327 3440 disciplina-

182 3482 253 3526 rum
277 3460 363 3544 apud
385 3483 446 3525 nos
469 3462 666 3545 professore,
696 3460 798 3525 altero
822 3459 856 3526 O.
880 3461 925 3543 S,
952 3461 1247 3527 lureconsultorum
1271 3459 1329 3524 Or·

182 3566 268 3631 dinis
290 3565 321 3630 h.
345 3570 366 3630 t
390 3565 511 3631 decano
536 3566 710 3649 eodemque
735 3569 893 3631 senatore.

271 3671 367 3738 Ferit
395 3672 484 3737 Deus
512 3672 663 3755 Optimus
691 3671 867 3757 Maximus,
897 3677 934 3738 ut
965 3673 1105 3738 inclutae
1136 3673 1328 3737 Albertinae

184 3778 291 3862 gloria
317 3780 351 3843 in
377 3782 542 3862 posterum
569 3776 697 3842 illibata
723 3778 825 3862 duret,
850 3779 1041 3863 fortiterque
1059 3780 1258 3863 propulsatis
1282 3780 1328 3844 eis

184 3885 348 3970 periculis,
371 3907 453 3969 quac
481 3885 532 3949 vel
561 3886 631 3949 auri
661 3908 752 3950 sacra
780 3886 883 3950 fames
913 3886 1104 3971 sordidaque
1132 3886 1212 3950 lucri
1241 3887 1328 3970 cupi·

186 3992 281 4074 ditas,
304 4013 386 4076 quae
409 4012 496 4055 nunc
518 3991 583 4055 fere
602 3992 761 4056 dominari
781 3993 814 4055 in
838 3993 933 4056 rebus
952 3992 1103 4057 humanis
1123 3993 1257 4076 occepit,
1279 3993 1331 4056 vel

183 4099 334 4181 suspicax
371 4085 403 4161 et
434 4101 583 4163 tortuosa
619 4098 826 4163 illiberalium
864 4100 1088 4165 tenebrionum
1122 4098 1330 4182 machinatio,

183 4227 280 4290 quam
303 4206 494 4270 confidimus
518 4204 559 4268 ad
583 4226 693 4270 veram
717 4205 972 4271 dominationem
996 4227 1170 4291 numquam
1195 4227 1328 4290 perven-
