2962 5032
462 334 725 383 annnnarroms
750 311 958 384 ransmissa
1215 320 1280 386 503

87 497 90 501 ’
130 501 164 544 v.
189 479 264 544 954.
290 479 375 544 1054
399 477 452 559 [cf.
477 499 576 562 supra
598 501 628 561 p.
641 479 747 564 3271:

228 602 280 685 Ᾰιι
302 621 358 686 ille
380 624 448 687 tam
473 624 559 688 esset
581 621 712 705 stultus,
735 621 791 705 qui
813 623 891 687 mitt
913 623 1001 687 mssle
1024 646 1192 689 nummum
1216 627 1280 690 ore

473 717 480 731 ⁰
988 731 1086 796 deret.

227 834 298 902 Ηόο
326 836 381 921 qui
410 837 444 900 in
467 839 610 901 mentem
636 838 761 902 uenerit
782 837 874 916 anibi,
906 839 941 902 re
966 839 1182 903 commonitus
1207 844 1279 904 seim

988 946 1093 1011 modo.

132 1049 281 1126 Quorum
303 1050 465 1134 posterius
490 1051 634 1133 asperius
658 1055 708 1115 est
730 1046 851 1136 priore:
875 1075 951 1117 nam
975 1053 1009 1116 in
1031 1052 1093 1117 hoc
1116 1053 1177 1117 etsi
1201 1054 1280 1119 miti

129 1180 202 1221 non
229 1161 339 1241 potest
365 1178 443 1221 sana
476 1179 542 1222 non
565 1157 719 1242 coniungi
743 1180 817 1223 cum
839 1159 905 1241 qui,
937 1159 1023 1224 idem
1046 1163 1155 1224 tamen
1179 1161 1277 1225 etiam

132 1265 177 1330 ad
207 1264 409 1348 insequentia
438 1265 594 1348 pertinet:
632 1268 744 1331 contra
774 1266 808 1330 ιιι
839 1266 942 1331 altero
973 1289 1046 1330 cum
1077 1266 1156 1330 solis
1186 1289 1277 1350 prae-

135 1374 257 1460 gressis
284 1372 363 1436 mdri
389 1394 506 1437 nexum
535 1377 598 1457 est,
631 1375 671 1438 ab
696 1374 743 1438 eis
768 1396 850 1458 quae
874 1377 1054 1459 sequnntur
1077 1396 1209 1457 prorsus
1232 1373 1277 1437 di-

132 1485 305 1564 remptum.
350 1479 464 1565 Itaque
492 1481 578 1546 haud
609 1481 676 1546 scio
704 1503 747 1545 an
774 1503 838 1546 non
867 1483 948 1547 satis
972 1481 1170 1546 confidenter
1193 1481 1277 1545 hanc

133 1586 420 1671 transpositionem
444 1588 616 1653 verborum

223 1710 295 1777 Hoc
317 1711 373 1796 qni
395 1709 522 1776 uenerit
544 1711 589 1776 mi
613 1712 647 1775 in
671 1715 825 1796 mentem,
853 1714 887 1776 re
911 1735 936 1777 o.
960 1736 984 1777 s.
1008 1735 1049 1777 m.

87 1826 93 1834 ¹
135 1858 264 1919 tantum
293 1854 326 1918 in
356 1853 568 1918 annotatione
597 1853 805 1919 laudaverim.
846 1853 953 1940 Magis
974 1855 1090 1950 bearet
1112 1854 1150 1918 de
1174 1856 1276 1920 altero

132 1984 228 2026 versu
259 1960 431 2026 iudicium:
468 1961 523 2046 qui
556 1961 618 2026 etsi
650 1961 816 2026 lenissima
844 1962 1023 2026 mutatione
1052 1962 1092 2026 ad
1121 1961 1274 2027 usitatam

133 2068 386 2134 concinnitatem
410 2068 456 2132 sio
479 2072 663 2133 revocatur:

221 2193 273 2275 Ᾰιι
296 2210 351 2275 ille
375 2215 442 2274 tam
467 2216 553 2275 esset
576 2211 710 2294 stdltus,
732 2209 810 2273 mibi
832 2211 886 2292 qai
908 2232 949 2273 m.
972 2233 1003 2274 n.
1028 2231 1063 2293 a,

131 2359 242 2419 tamen
274 2357 343 2418 tarn
376 2353 457 2417 exile
492 2353 553 2418 hoo
584 2352 790 2438 potissimum
823 2351 901 2415 mili
927 2373 1105 2436 pronomen
1134 2357 1197 2437 est,
1230 2359 1275 2438 ut,

130 2461 261 2526 etiamsi
284 2482 350 2524 non
375 2460 581 2525 scribendum
605 2458 648 2524 sit
671 2459 715 2522 mi
738 2462 814 2522 ante
837 2465 1078 2543 consonantem,
1100 2463 1210 2525 tamen
1233 2463 1273 2526 ad

130 2567 376 2651 monosyllabae
404 2565 679 2651 pronuntiationis
710 2564 917 2649 rapiditatem
945 2566 1090 2648 proxime
1119 2568 1273 2635 accedens
1380 2601 1385 2607 ·

127 2675 183 2739 vix
206 2674 379 2759 quicquam
402 2674 572 2738 molestiae
597 2672 729 2738 auribus
753 2672 867 2736 afferre
891 2673 1085 2759 videatur.*)
1122 2673 1213 2750 Quod
1236 2680 1274 2740 ut

128 2782 268 2846 sentiam
292 2781 357 2845 alie
380 2802 431 2844 me
456 2780 576 2845 similia
599 2779 746 2861 exempla
768 2782 901 2843 movent
924 2784 961 2844 ut
978 2779 1095 2846 Bacch.
1114 2781 1188 2846 505.
1207 2782 1272 2846 679

127 2889 217 2969 [537.
243 2888 336 2968 716];
524 2886 528 2894 ’

217 2994 305 3060 (lena
327 2995 429 3061 detur.
465 2994 540 3059 Non
564 2992 672 3078 placet
693 2993 771 3057 midi
794 2994 873 3058 oeua
896 3015 977 3076 quae
1002 2994 1100 3058 bilem
1123 2997 1242 3059 mouet.

221 3098 303 3177 Quid
332 3123 416 3165 nune
440 3123 474 3164 es
499 3100 666 3164 lactarus?
705 3100 736 3163 id
759 3100 837 3164 mibi
860 3099 939 3165 dice.
984 3099 1154 3165 Coctumst
1176 3103 1271 3184 pran-

980 3208 1077 3272 dium.
1180 3206 1193 3232 ⁸

126 3317 253 3382 Verum
275 3319 404 3401 praeter
421 3316 505 3381 hauc
525 3314 599 3379 aliis
619 3314 881 3379 excusationibus
901 3315 1007 3380 locum
1027 3313 1159 3380 concedi
1178 3335 1270 3399 nego.

126 3424 231 3490 Valde
254 3425 394 3490 insolens
419 3426 470 3488 est
493 3445 521 3487 v.
537 3422 602 3486 935
625 3421 677 3485 bis
700 3421 873 3485 verborum
897 3421 1064 3486 ordinibus
1088 3438 1132 3470 w
1147 3419 1152 3486 l
1167 3444 1185 3470 υ
1207 3421 1269 3485 dis·
1383 3455 1387 3461 ·

126 3534 239 3614 pestus
263 3531 298 3594 in
320 3533 438 3615 quarto
461 3527 541 3612 pede
564 3524 783 3611 dactylus**):

217 3671 277 3737 Se'd
302 3672 358 3736 ubi
383 3669 585 3754 apsinthium
609 3670 648 3732 fit
670 3674 761 3751 otq⁴ae
783 3669 887 3733 ornile
911 3668 1100 3752 gallinacea.

125 3816 339 3900 Quapropter,
359 3815 420 3879 etsi
441 3835 593 3900 graecum
613 3813 722 3891 κονίλη
741 3833 869 3893 nomen,
892 3813 929 3874 ut
942 3809 1100 3875 Nicandri
1120 3811 1266 3897 exemplo
1282 3837 1419 3881 oouxxrx

125 3922 335 4007 intellegitur,
358 3921 515 4004 producta
537 3919 739 4004 paenultima
758 3918 879 3983 dictum
899 3920 958 4001 est,
982 3921 1091 3981 tamen
1109 3917 1194 3982 idem
1214 3919 1267 3982 vix

123 4028 250 4094 videtur
280 4027 493 4092 dubitandum
525 4048 594 4091 esse
624 4025 702 4111 quin
733 4029 859 4090 mutata
888 4023 1041 4108 prosodia
1068 4023 1102 4088 in
1130 4024 1267 4089 latinam

123 4155 335 4162 -----

229 4203 255 4273 *)
281 4203 325 4275 [ln
355 4202 398 4257 ed.
422 4202 471 4256 alt.
502 4201 656 4272 simplicius
685 4201 774 4256 visum
799 4202 843 4255 est
864 4198 1020 4269 Ritsohalio
1044 4199 1106 4268 ipsa
1129 4198 1268 4268 scriptura

122 4294 377 4363 pronuntiationem
397 4292 559 4362 exaequari:
579 4292 612 4347 cf.
632 4291 706 4346 infra
724 4311 751 4362 p.
767 4292 840 4363 tlt]

213 4380 254 4450 **)
277 4381 330 4452 [cf.
350 4380 436 4450 praef.
456 4379 515 4434 Mil.
534 4379 604 4451 glor.
624 4398 650 4450 p.
670 4394 747 4447 mr,
776 4379 878 4449 Opusc.
898 4378 966 4449 phil.
986 4378 1012 4432 ΙΙ
1033 4397 1059 4449 p.
1079 4383 1181 4446 684sq.
1202 4376 1265 4432 coll.

122 4491 153 4542 p:
169 4477 230 4527 399.
251 4470 323 4541 691]
