2962 5032
453 250 721 299 sununsvrorus
745 251 953 299 enuvrrusu.
1212 237 1278 302 423

102 410 149 472 p.
169 391 244 457 928
255 413 324 477 sqq.
343 397 377 457 et
394 391 431 457 (l.
446 391 593 459 Curtium
612 399 761 459 nostrum
781 393 819 458 de
838 393 966 460 format.
985 401 1082 479 temp.
1103 401 1135 461 et
1155 397 1276 463 modor.

108 518 152 579 p.
185 498 347 583 259sqq.:
374 500 574 585 legemque
601 505 846 566 constantem
875 502 1161 568 formandorum
1190 526 1278 569 con·

111 604 395 671 iunctivorum
423 608 590 672 omnium
618 607 703 672 hanc
730 608 845 692 fuisse,
874 613 911 673 ut
938 609 1062 692 origine
1091 633 1149 675 sua
1179 612 1279 695 longa

116 713 239 778 vocali
262 713 379 778 fierent
401 711 508 799 (cuius
531 713 698 795 primitiva
727 714 849 796 species
873 737 938 779 non
963 715 1176 783 dubitandum
1200 718 1277 802 quin

119 831 136 882 ῑ
173 818 299 904 fuerit),
327 820 396 884 aive
424 842 496 884 eam
524 820 668 885 vocalem
696 841 712 885 a
738 821 848 884 littera
875 821 941 885 sive
969 844 987 884 r
1015 822 1082 885 sive
1112 828 1125 887 t
1151 824 1218 890 sive
1246 846 1279 888 m

91 977 94 981 .
122 927 326 1011 excipiebat:
355 926 491 993 decursu
519 932 628 992 autem
650 927 808 1011 temporis
831 927 960 992 demum
984 928 1106 994 factum
1130 952 1214 1013 esse,
1241 935 1279 996 ut

124 1039 280 1099 servatae
304 1035 476 1099 etiamtum
499 1033 609 1100 Plauti
632 1037 738 1097 aetate
762 1034 878 1117 longae
899 1033 1020 1099 vocalis
1044 1035 1206 1120 correptio
1230 1036 1279 1102 ita

126 1141 392 1226 increbresceret,
414 1146 452 1206 ut
473 1145 550 1225 post
572 1139 727 1205 Plautina
749 1146 897 1224 tempora
921 1140 955 1204 in
978 1144 1091 1206 certae*
1108 1148 1279 1209 consuetu·
1407 1209 1419 1223 θ

128 1248 219 1314 dinis
249 1249 465 1314 constantiam
495 1247 568 1332 ipsa
601 1247 743 1312 brevitas
773 1248 892 1332 abiret,
924 1270 1034 1314 earum
1067 1272 1278 1335 personarum

129 1377 216 1441 qnae
245 1355 279 1420 in
308 1377 341 1419 m
370 1359 403 1419 et
432 1376 450 1418 r
479 1358 512 1418 et
542 1359 555 1417 t
583 1360 700 1418 exeunt
729 1357 924 1421 communis:
954 1380 1019 1423 una
1049 1347 1133 1422 enim
1164 1380 1180 1424 s
1210 1381 1278 1424 cor·

130 1463 274 1545 reptioni
307 1483 434 1545 semper
465 1461 596 1526 restitit.
648 1459 807 1544 Exempla
839 1463 955 1527 tertiae
988 1486 1144 1547 personae
1177 1464 1278 1530 habes

134 1570 276 1654 primum
300 1570 342 1634 sit
365 1568 418 1649 [cf.
442 1591 472 1653 p.
497 1569 653 1647 ccnxvu]
679 1568 771 1631 Asin.
790 1566 847 1652 lv,
873 1571 904 1651 1,
931 1573 980 1634 17.
1003 1569 1086 1635 Men.
1109 1569 1150 1654 V,
1175 1571 1204 1654 Ἰ,
1227 1570 1278 1635 55.

133 1674 201 1739 Mil.
224 1675 271 1759 ΙΙ,
296 1676 329 1759 2,
353 1675 394 1740 87
419 1671 509 1759 (uam
533 1673 571 1737 de
595 1671 711 1738 Bacch.
735 1672 758 1755 Ι,
782 1674 811 1756 2,
836 1673 916 1760 32*)
940 1675 1095 1759 perdubia
1119 1675 1197 1759 res):

222 1815 273 1919 Ne
296 1815 438 1900 epistula
461 1815 589 1901 quidem
612 1815 661 1879 illi
684 1815 753 1879 ulla
775 1817 817 1881 sit
839 1815 872 1880 in
896 1786 1037 1882 ae'dibus.

222 1939 272 2004 Ne
295 1945 374 2024 tum,
398 1939 526 2025 quando
546 1941 643 2004 sinus
662 1938 768 2004 factus
791 1943 840 2024 ait,
865 1964 884 2005 a
907 1962 957 2005 me
981 1947 1153 2027 argentum
1176 1946 1276 2027 petat.

222 2039 278 2148 llt,
302 2064 332 2128 si
353 2064 451 2128 illanc
474 2062 726 2130 concriminatus
749 2067 791 2129 sa
813 2065 984 2131 aduersum
1009 2066 1160 2131 militem.

134 2206 310 2272 Verissime
336 2207 421 2270 enim
445 2207 651 2272 observatum
671 2212 722 2272 est
739 2231 915 2293 numquam
934 2211 991 2273 siet
1008 2207 1145 2273 formam
1165 2231 1276 2274 accen·

130 2318 201 2378 tum
229 2313 348 2378 habere
376 2314 410 2378 in
433 2313 649 2398 paenultima:
679 2316 769 2379 cuius
797 2315 845 2379 rei
872 2315 988 2380 melius
1017 2315 1082 2380 iam
1106 2338 1221 2382 caussa
1244 2321 1277 2382 et

130 2422 215 2485 ratio
240 2421 461 2506 perspicietur.
498 2420 574 2486 Non
591 2421 697 2506 magis
721 2421 752 2484 id
773 2423 846 2502 fuat
868 2425 901 2485 et
922 2424 990 2486 duit
1013 2422 1135 2486 formae
1158 2446 1274 2507 passae
1289 2450 1433 2492 onxxxm

131 2532 220 2593 sunt:
248 2550 347 2612 quare
374 2527 461 2592 haud
490 2527 556 2591 scio
585 2549 626 2592 an
651 2549 716 2592 non
740 2527 945 2593 sollicitanda
969 2528 1035 2592 sint
1056 2528 1204 2612 producti
1227 2531 1277 2593 det

130 2635 327 2700 coniunctivi
351 2633 500 2717 exempla
521 2631 607 2698 Pers.
631 2632 656 2717 Ι,
680 2636 710 2716 2,
736 2634 785 2698 16.
808 2632 851 2717 ΙΙ,
874 2635 904 2719 5,
929 2636 985 2699 26:

220 2774 281 2840 Sed
305 2776 487 2860 legirupam
511 2775 566 2859 qui
590 2774 731 2853 damnet,
754 2777 803 2841 det
824 2776 857 2841 in
881 2777 1061 2862 publicum:

219 2883 264 2947 Et
286 2881 403 2949 mulier
430 2885 466 2945 ut
494 2881 538 2946 sit
560 2881 669 2946 libera
692 2886 790 2965 atque
813 2882 883 2966 ipse
906 2882 993 2946 ultro
1016 2884 1066 2947 det
1088 2885 1273 2966 argentum:

132 3025 343 3111 Captivorum
369 3028 478 3089 autem
502 3046 613 3088 versus
637 3023 680 3107 ΙΙ,
703 3024 732 3108 2,
759 3025 799 3088 10
822 3025 867 3088 sic
890 3024 1121 3089 restituendus:

218 3165 332 3251 Neque
355 3166 515 3249 tauchis,
539 3165 568 3229 si
590 3163 666 3229 hinc
689 3166 853 3250 abeamus,
877 3164 907 3230 si
925 3167 997 3246 suot
1020 3167 1153 3232 occasio.

130 3310 253 3374 Eadem
276 3309 360 3373 ratio
383 3308 459 3372 uelit
481 3308 570 3372 verbi
593 3307 677 3371 Men.
700 3307 780 3391 prol.
802 3308 859 3372 49:

149 3513 154 3519 .
222 3452 309 3534 Velit,
332 3451 485 3516 audacter
507 3448 667 3534 imperato
691 3454 724 3514 et
747 3448 857 3514 dicito:

130 3593 209 3658 item
227 3593 316 3657 Trin.
335 3593 410 3677 306,
432 3598 469 3659 ut
492 3595 597 3679 capite
616 3590 677 3656 XV
702 3593 746 3675 [p.
762 3607 892 3656 ccxxlx
912 3588 1020 3677 (463)]
1045 3593 1179 3676 planum
1202 3592 1270 3656 fiet:

234 3727 241 3745 Ι

218 3752 335 3817 Vtrum
354 3753 441 3816 itane
462 3774 532 3817 esse
551 3752 678 3816 carinelit
696 3756 734 3816 ut
748 3773 821 3816 eum
836 3751 962 3816 animus
978 3773 1114 3835 aequom
1133 3752 1270 3817 censeat.

128 3891 218 3959 Haec
246 3894 274 3958 si
301 3894 397 3958 fidem
424 3894 559 3978 habent,
588 3894 685 3958 simul
712 3894 797 3958 hanc
823 3893 889 3958 vim
916 3893 1035 3958 habere
1058 3915 1188 3959 necesse
1211 3898 1271 3977 est,

127 4004 163 4065 ut
191 4023 211 4064 a
238 4001 334 4065 metri
363 4001 491 4084 quidem
519 4001 626 4065 vitiati
657 4000 838 4084 suspitione
866 3999 981 4064 Militis
1009 4022 1136 4064 versum
1160 4000 1216 4085 IV,
1240 4002 1270 4083 6,

127 4108 169 4171 29
193 4107 344 4172 liberent:

215 4352 240 4422 *)
261 4351 316 4424 [Gi.
335 4353 405 4409 Nov.
426 4371 484 4409 exc.
503 4353 594 4409 Plaut.
614 4357 625 4409 l
645 4373 671 4425 p.
692 4361 725 4410 68
736 4355 790 4426 eq.]
