2962 5032
792 1242 866 1325 XI.

521 1414 601 1497 ouo
628 1415 919 1516 programmata
945 1414 1140 1498 Plautina.
1233 1409 1236 1414 ’

816 1734 839 1800 Ι.

290 1877 516 1946 CANTIOVM
541 1877 735 1944 POENVLI
759 1877 1013 1943 PLAVTINAE
1037 1876 1376 1967 EMENDATVM.*)

219 2097 257 2138 m
347 2074 524 2140 Pristinam
548 2073 811 2138 consuetudinem
834 2073 994 2158 quandam
1017 2074 1198 2156 recolimus,
1221 2096 1297 2139 cum
1318 2099 1409 2141 scae·

259 2206 335 2248 nam
360 2175 544 2247 Plautinum
568 2181 660 2246 vobis
684 2181 896 2266 proponimus
906 2180 966 2265 **),
990 2181 1193 2246 emendatam
1217 2179 1311 2245 illam
1336 2184 1408 2266 qui·

366 2392 392 2461 *)
413 2392 602 2465 [Prooemium
621 2391 721 2447 indicis
739 2392 897 2447 scholarum
912 2391 1100 2447 Bonnensium
1118 2392 1300 2448 hibernarum
1319 2409 1407 2448 anno

259 2501 321 2537 rum
340 2495 548 2540 cmmcocnvrn
567 2483 596 2536 et
614 2481 686 2552 nrm]

348 2569 612 2642 *ra-[Proposuerat
639 2569 809 2624 Ritschelius
837 2568 980 2624 Plautinas
1009 2586 1123 2624 scaenas
1152 2569 1251 2624 Militis
1279 2570 1407 2640 gloriosi,

260 2659 405 2724 Pseuduli,
430 2658 689 2723 Menaechmum,
713 2657 904 2712 Mostellarise
927 2657 1089 2712 emendatas
1107 2676 1159 2713 nec
1178 2662 1273 2713 tamon
1292 2659 1405 2728 plenius

260 2751 402 2805 enarratas
421 2747 450 2801 in
468 2748 618 2817 prooemiis
636 2747 760 2801 indicum
780 2747 865 2802 schol.
881 2746 1030 2801 Vratislav.
1050 2750 1119 2803 aest.
1139 2756 1217 2816 1839,
1237 2747 1326 2802 Bonn.
1345 2749 1405 2802 hib.

263 2844 379 2908 lssoostl
403 2838 432 2891 et
452 2842 583 2908 litulphi,
613 2839 682 2891 aest.
705 2841 780 2891 1851.
819 2836 941 2901 Quorum
969 2839 1163 2906 argumentum
1188 2855 1251 2891 eum
1278 2836 1308 2891 in
1327 2837 1404 2906 ipsas

260 2927 373 2980 illarum
393 2924 549 2979 fabularum
573 2924 708 2979 editiones
728 2926 870 2993 receptum
889 2924 939 2993 sit,
967 2925 1137 2981 Ritschelius
1156 2943 1190 2979 ea
1208 2925 1237 2979 in
1256 2925 1401 2995 opusculis

261 3014 389 3071 iteranda
419 3029 475 3066 non
507 3013 616 3067 curavit
647 3012 692 3079 (cf.
722 3011 822 3081 Opusc.
851 3014 876 3065 ll
904 3011 992 3082 praef.
1021 3031 1049 3082 p.
1078 3017 1157 3083 xxrl:
1195 3016 1278 3085 primi
1307 3017 1403 3068 tamen

260 3104 373 3158 illorum
404 3102 656 3171 programmatum,
684 3100 759 3168 quod
792 3100 867 3154 idem
895 3101 969 3155 inter
993 3100 1224 3158 Vratislaviensia
1251 3103 1307 3157 init
1336 3102 1401 3157 ulti-

261 3209 351 3258 mum,
376 3188 578 3260 praefationem
601 3189 862 3258 perorationemque
886 3189 958 3244 infra
981 3190 1091 3259 scripsi,
1116 3191 1220 3261 quippe
1241 3192 1404 3246 etiamnunc

234 3280 338 3334 electu
356 3278 431 3333 haud
451 3277 615 3331 iniucundas
634 3276 716 3333 visas,
755 3276 783 3331 C.
802 3277 860 3348 W.]
900 3277 1012 3332 ‘Grave
1032 3278 1136 3333 accidit
1153 3282 1183 3334 st
1200 3280 1406 3349 propemodum

261 3367 394 3435 nimium,
421 3366 495 3435 quod
519 3366 547 3419 in
571 3365 633 3434 ipso
659 3365 780 3420 discessu
804 3366 833 3419 et
856 3365 929 3420 inter
953 3384 1074 3420 summas
1094 3368 1191 3422 turbas
1209 3366 1304 3422 cilicio
1324 3369 1406 3421 satis·

262 3460 354 3513 facere
372 3456 501 3510 iubemur
519 3456 586 3509 olim
604 3454 812 3521 iucundissimo,
832 3455 879 3507 sed
899 3455 943 3508 cui
962 3472 1035 3509 nunc
1050 3472 1113 3510 vere
1128 3456 1195 3510 satis
1210 3455 1269 3509 fieri
1285 3456 1332 3509 rix
1347 3455 1407 3511 ullo

262 3546 346 3601 modo
365 3543 462 3614 possit.
500 3545 571 3598 Nam
591 3560 653 3597 cnm
672 3545 798 3597 nostrum
817 3543 867 3610 sit,
887 3543 987 3612 quibus
1007 3544 1075 3598 haec
1095 3546 1160 3598 sunt
1177 3543 1323 3613 prooemia
1340 3561 1408 3598 con·

263 3634 414 3702 cinnanda,
442 3650 498 3688 non
522 3631 604 3687 modo
628 3632 783 3687 studiorum
807 3631 974 3686 industriam
997 3632 1075 3687 vobis
1098 3632 1294 3687 commendare
1318 3635 1348 3687 et
1372 3633 1409 3686 ad

263 3726 405 3778 strenuum
429 3739 525 3776 earum
549 3739 617 3791 quas
640 3722 714 3775 inira
731 3722 838 3790 positas
857 3721 958 3776 videtis
977 3721 1136 3776 scholarum
1155 3740 1233 3775 nsum
1254 3722 1409 3790 cohortari,

264 3812 312 3866 sed
336 3810 422 3866 etiam
446 3810 553 3878 aliquid
572 3809 754 3875 reconditius,
784 3809 858 3876 quod
878 3809 914 3863 ad
933 3809 1041 3863 litteras
1060 3809 1136 3879 ipsas
1156 3813 1276 3879 spectet,
1306 3828 1409 3880 propo·
1444 3799 1450 3808 ’

263 3917 341 3956 nere:
361 3899 492 3969 quoniam
515 3903 545 3953 et
563 3899 621 3953 otio
642 3915 767 3953 caremus
787 3900 815 3951 et
833 3898 968 3951 librorum
988 3898 1171 3967 supellectile,
1191 3899 1260 3951 nihil
1280 3898 1340 3952 iere
1359 3919 1409 3955 no·

264 3990 307 4044 bis
326 3989 454 4043 relictum
473 3988 672 4057 intellegimus,
690 3986 745 4040 uisi
760 3989 791 4040 ut
806 3987 951 4041 materiam
966 3988 1058 4056 potius
1073 3987 1173 4041 virium
1189 3987 1410 4042 exercendarum

266 4078 345 4133 vobis
365 4078 518 4144 tradamus,
537 4093 621 4146 quam
640 4076 669 4129 in
688 4075 856 4130 floridiorem
876 4075 968 4129 locum
987 4075 1109 4144 aliquem
1129 4074 1264 4130 deductos
1278 4077 1411 4133 uberiore

265 4167 404 4221 rationum
429 4164 602 4234 expositione
625 4163 680 4233 ipsi
699 4163 885 4218 instituamus.
923 4163 1151 4234 Exprompsimus
1170 4164 1310 4234 igiturex
1331 4167 1412 4221 sche-

265 4254 338 4308 dulis
364 4272 429 4309 casn
454 4252 543 4322 magis
572 4269 657 4322 quarn
686 4252 801 4307 consilio
825 4252 943 4306 servatis
966 4251 1126 4305 Plautinam
1155 4270 1283 4306 scaenam
1309 4255 1413 4309 Militis

266 4341 382 4412 gloriosi
401 4344 439 4410 ll,
458 4348 474 4395 4
493 4358 543 4411 pro
563 4341 638 4396 virili
657 4343 736 4411 parte
755 4341 870 4396 anobis
889 4339 1078 4395 emendatam:
1098 4359 1216 4411 quarum
1235 4344 1412 4399 emendatio·
