2962 5032
504 297 769 346 nuanocrrours
792 295 996 344 enavimus.
1261 278 1326 342 393

271 440 353 507 Indo
370 462 423 507 mo
440 443 474 506 et
492 441 589 505 simul
607 439 782 525 participes
802 438 906 505 omnis
927 461 1016 504 meos
1040 437 1161 523 praeda
1184 438 1326 504 onerabo

926 548 1023 631 atque
1047 546 1193 630 opplebo.

162 670 245 748 Qui
266 628 297 737 si
320 672 546 756 anapaesticus
570 674 628 754 est,
651 670 749 736 scribi
771 670 819 735 ita
841 670 977 754 poterit:

271 796 350 862 Inde
368 819 420 862 me
439 799 472 862 et
490 797 586 862 simul
606 796 711 863 omnis
730 796 905 881 participes
929 818 1018 860 meos
1042 795 1161 880 prae'da
1184 795 1325 860 onerabo

925 906 1021 988 atque
1044 903 1197 989 opplebo:

171 1029 246 1113 sin,
273 1029 358 1114 quod
386 1030 488 1115 malo,
515 1029 697 1096 trochaicus
726 1021 910 1092 octonarius
938 1024 1007 1112 (eos
1031 1028 1118 1092 enim
1140 1049 1252 1092 versus
1276 1050 1327 1092 ex·

172 1135 275 1220 cipit,
308 1158 446 1221 quorum
474 1137 672 1203 trochaicam
700 1156 883 1199 mensuram
911 1134 1039 1198 firmavi
1068 1134 1233 1218 Philologi
1260 1139 1282 1199 t.
1310 1135 1326 1199 I

171 1264 208 1325 p.
227 1242 349 1327 304sq.
373 1245 431 1325 [=
446 1242 564 1328 Opusc.
587 1242 665 1327 phil.
688 1241 720 1306 II
744 1264 774 1325 p.
798 1240 863 1305 279
879 1237 964 1326 sq.]),
988 1240 1034 1304 sic
1058 1240 1325 1326 redintegrandus

171 1371 247 1414 una
270 1371 342 1414 curn
364 1350 512 1435 proximo
536 1350 612 1414 erit:

271 1449 349 1540 l'nde
373 1497 424 1540 me
447 1478 480 1545 et
504 1473 598 1538 simul
626 1472 800 1556 participes
824 1470 913 1536 mbos
932 1472 1052 1556 praeda
1071 1472 1213 1538 onerabo
1229 1474 1325 1558 aitque
1427 1469 1430 1478 ’

927 1578 1076 1664 opplebo.

270 1686 394 1753 Motum
413 1689 446 1753 e‘t
467 1688 580 1773 fugam
603 1676 821 1771 perddellibus
846 1686 925 1750 meis
948 1685 1079 1750 faciam:
1108 1708 1159 1749 me
1182 1690 1218 1750 ut
1247 1708 1324 1772 gna-

786 1868 789 1872 ,
924 1797 993 1858 tum
1018 1793 1136 1876 sciant,

182 1967 222 2007 ᾖ
270 1901 340 1977 Quo
364 1924 436 1967 sum
459 1923 576 1987 genere
600 1902 716 1986 gnatus
739 1922 762 1965 e.
784 1923 812 1983 q.
834 1921 858 1966 s,

172 2024 257 2090 Sine
279 2025 346 2091 ulla
369 2029 476 2090 autem
503 2025 696 2089 necessitate
719 2025 826 2089 Mritm
853 2026 969 2107 recitas
990 2025 1097 2106 simut,
1124 2026 1223 2089 nescio
1250 2028 1327 2107 quid

172 2132 362 2197 Trinummi
380 2132 488 2197 versui
508 2132 573 2196 880
592 2129 798 2195 Hermannus
817 2130 895 2196 olim
913 2130 1039 2214 tribuit,
1061 2131 1117 2195 ubi
1140 2152 1199 2195 nec
1217 2132 1325 2196 Medio

171 2239 275 2305 simrit
293 2239 383 2322 royda
401 2239 462 2320 [sic
480 2235 597 2319 minff]
618 2259 678 2302 nec
696 2238 835 2303 fortasse
854 2238 961 2303 abaco
979 2239 1073 2304 sior-cil
1090 2237 1206 2320 ropitds
1224 2238 1324 2303 habet

173 2368 238 2410 cur
260 2345 438 2430 displiceat.
485 2341 548 2409 Sed
576 2345 677 2409 allata
699 2343 809 2410 omnia
832 2365 906 2408 cum
928 2344 976 2409 ita
999 2366 1032 2408 se
1055 2344 1175 2409 habere
1198 2345 1325 2428 possint

173 2453 228 2517 uti
253 2452 320 2516 dixi
343 2450 460 2538 (neque
483 2452 568 2516 enim
592 2451 632 2516 de
655 2451 793 2537 singulis
816 2473 902 2515 nunc
921 2451 1079 2516 contendo
1098 2449 1323 2536 pertinacius):

174 2563 215 2624 at
239 2580 369 2642 prorsus
397 2561 485 2624 certa
512 2558 575 2623 duo
604 2560 751 2643 exempla
778 2561 903 2622 restant
927 2557 1077 2639 Au1.1V‚
1102 2559 1132 2643 3,
1155 2559 1176 2622 2
1200 2561 1232 2621 et
1255 2556 1323 2621 Mil.

172 2664 345 2750 IV,4,1:

268 2785 377 2854 Simul
400 2787 537 2854 radebat
559 2789 694 2874 pedibus
716 2792 837 2854 terram
861 2795 893 2855 et
915 2790 993 2855 uoce
1017 2791 1161 2855 crocibat
1184 2813 1252 2856 sua.
1339 2807 1447 2848 mvn

270 2895 462 2979 Sequimini:
487 2895 584 2960 simul
608 2892 853 2980 circumspicite,
876 2899 917 2961 ne
940 2896 1012 2981 quis
1036 2895 1122 2961 adsit
1144 2898 1279 2963 arbiter:

176 3021 213 3085 in
243 3020 359 3104 quibus
390 3039 455 3084 non
487 3020 592 3104 magis
624 3021 859 3103 correptionem
890 3043 1006 3106 passae
1030 3027 1107 3086 sunt
1130 3022 1272 3088 sociatae
1295 3025 1325 3090 lr

178 3130 213 3192 et
237 3126 264 3192 lc
290 3126 434 3209 litterae,
461 3148 559 3210 quam
582 3125 734 3191 Eunuchi
757 3125 798 3210 II,
822 3126 851 3210 2,
877 3127 918 3191 10
941 3131 974 3192 et
997 3127 1075 3193 Hec.
1098 3128 1155 3214 IV,
1180 3131 1208 3214 1,
1231 3131 1274 3196 60
1298 3132 1325 3197 lc

147 3299 153 3306 ,
177 3237 214 3299 et'
236 3233 266 3297 lo
293 3231 327 3295 in
349 3233 445 3298 amul
466 3234 629 3300 consitium
653 3236 685 3297 et
706 3235 801 3299 simoi
818 3255 932 3318 mcor,
956 3257 1038 3319 quae
1061 3236 1189 3303 Bentlei
1213 3239 1323 3322 opinio

175 3339 251 3404 fuit
296 3336 421 3414 Quodsi
444 3338 482 3403 de
506 3338 641 3403 senariis
665 3341 921 3425 septenariisque
944 3347 1104 3408 certares
1129 3351 1191 3428 est,
1220 3346 1322 3410 multo

176 3445 286 3510 minus
310 3445 349 3509 de
371 3445 586 3528 anapaesticis
610 3444 779 3511 dubitandi
803 3447 892 3511 locus
916 3447 1048 3513 relictus
1069 3453 1126 3513 est.
1163 3449 1234 3525 Quo
1254 3471 1322 3534 per-

175 3553 262 3618 tinet
280 3551 398 3617 Persae
415 3549 458 3632 H,
479 3551 507 3635 l,
526 3552 556 3635 3,
578 3554 740 3637 corruptis
759 3555 900 3619 numeris
924 3556 971 3619 sic
993 3555 1140 3639 proditus
1164 3556 1198 3619 in
1215 3555 1323 3621 libris:

267 3657 469 3743 Quamquam
498 3677 558 3742 ego
587 3659 699 3722 uinum
728 3659 814 3743 bibo,
842 3663 875 3725 at
902 3661 1056 3726 mandata
1079 3683 1146 3726 non
1169 3663 1322 3727 consueui

926 3767 1021 3831 simul
1046 3767 1155 3832 bibere
1179 3791 1256 3851 una,

177 3872 399 3936 faciliensem
423 3893 522 3956 opera
544 3872 683 3957 pristino
707 3873 808 3938 nitori
831 3873 877 3938 sio
900 3872 1131 3938 restituendus:

268 3976 472 4061 Quamquam
504 3979 565 4063 e'go
595 3979 706 4043 uinum
739 3980 829 4064 bibo,
861 3978 1015 4044 mandata
1050 3980 1137 4044 haud
1170 3983 1322 4047 consueui

923 4076 1019 4151 simul
1042 4087 1152 4152 bibere
1175 4093 1248 4153 rina.

269 4187 354 4255 Nolo
378 4190 431 4255 hic
454 4195 653 4276 pertractare
681 4192 815 4276 reliqua:
845 4215 862 4257 e
885 4193 996 4277 paucis
1020 4194 1071 4257 vel
1095 4194 1248 4259 iudicium
1272 4196 1321 4259 vel

176 4295 364 4361 coniectura
392 4297 462 4362 fieri
492 4298 531 4363 de
562 4299 711 4364 omnibus
741 4303 857 4383 potest.
903 4300 1045 4365 Tantum
1074 4302 1221 4366 effectum
1250 4324 1321 4367 esse

178 4407 255 4468 ante
282 4402 455 4487 disputatis
483 4404 639 4488 arbitror,
666 4407 703 4469 ut
724 4428 792 4470 non
814 4407 910 4474 modo
932 4428 1052 4492 senex,
1075 4408 1114 4472 de
1138 4430 1201 4493 quo
1224 4430 1320 4474 nemo

1210 4536 1230 4599 t
