2962 5032
410 348 674 397 mrnuonrrours
697 349 907 398 curvemus.
1165 332 1229 397 299

174 490 347 556 Praeterea
376 489 408 556 It
436 491 581 557 litteram
610 492 774 557 sciendum
798 497 929 558 estnec
952 494 1064 576 scripti
1087 515 1147 559 nec
1170 494 1229 557 im·
1244 518 1347 558 xxxvr

38 599 188 663 pressi
207 599 285 663 libri
302 597 441 663 indicem
461 620 542 682 esse,
560 599 616 664 sed
635 621 724 663 meae
743 599 931 683 scripturae.
960 599 1064 675 Quam
1085 600 1111 664 si
1131 600 1230 664 etiam

43 689 208 770 lxilibus
227 705 424 791 aliquotiens
444 707 590 791 apposui,
613 727 694 790 quae
718 727 789 769 cum
813 706 937 789 pridem
955 729 1028 771 mea
1046 706 1230 770 coniectura

48 789 294 896 invenissem,
325 816 438 897 postea
466 812 508 876 ab
537 811 610 876 aliis
639 834 764 896 quoque
789 812 974 897 excogitata
998 814 1076 897 vidi,
1107 835 1172 878 non
1196 813 1228 877 id

54 903 150 979 alio
180 919 319 984 consilio
348 919 423 1004 feci,
453 919 517 984 nisi
545 919 629 1003 quod
652 919 800 1004 aliquam
818 920 914 984 fidem
938 919 1085 984 veritatis
1109 920 1229 986 habere

60 1024 303 1110 complurium
326 1048 501 1093 consensus
525 1026 617 1092 solet.

567 1455 679 1503 curva
703 1436 759 1501 IV.

174 1594 251 1660 Dixi
275 1596 313 1660 de
337 1599 468 1662 externa
491 1597 650 1662 librorum
673 1597 899 1663 Plautinorum
922 1597 1123 1665 condicione:
1156 1623 1228 1684 pro-

82 1703 296 1785 grediendum
329 1708 379 1769 est
410 1703 451 1769 ad
484 1727 595 1770 eorum
629 1705 771 1770 indolem
804 1709 997 1790 mutuasque
1025 1707 1167 1771 rationes
1196 1711 1228 1773 et

86 1810 305 1875 successiones
334 1810 548 1894 explicandas.
600 1812 669 1888 Quo
697 1811 746 1875 ita
775 1811 944 1896 defungar,
977 1818 1013 1877 ut
1040 1835 1121 1899 quae
1149 1814 1228 1879 olim

86 1938 157 1981 cum
186 1915 241 1981 ‘de
269 1917 346 1982 crisi
369 1917 537 1982 Plautina'
561 1918 725 2002 disputavi
735 1915 767 2005 ²³⁵)
796 1923 867 1983 tum
895 1919 928 1983 in
958 1919 1159 2003 praefatione
1187 1922 1227 1986 ad

83 2021 261 2088 Bacchides
290 2021 385 2088 Halia
415 2047 444 2089 a.
473 2041 728 2091 clolocccxxxv
762 2023 865 2090 editas
895 2027 1029 2110 exposui
1057 2030 1127 2091 tum
1154 2028 1227 2093 aliis

87 2129 279 2213 quibusdam
302 2131 381 2196 locis
406 2131 511 2213 attuli,
534 2132 623 2196 brevi
643 2133 848 2198 enarratione
868 2133 1148 2218 comprehendam,
1172 2135 1227 2199 sed

85 2257 122 2300 ea
153 2240 231 2320 post
260 2240 311 2302 tot
333 2236 561 2322 bybliothecas
594 2239 831 2324 pervestigatas
859 2239 971 2304 multis
999 2241 1146 2324 partibus
1176 2243 1226 2306 vel

86 2347 229 2409 correcta
261 2343 312 2407 vel
345 2343 556 2428 locupletata:
588 2344 824 2428 praetermissis
852 2349 961 2410 tamen
988 2370 1070 2430 quae
1099 2353 1155 2412 aut
1183 2349 1227 2413 le·

87 2451 176 2515 viora
194 2450 364 2515 videantur
387 2452 501 2516 autin
525 2451 624 2516 dubia
647 2452 831 2517 coniectura
849 2453 965 2536 posita,
989 2454 1079 2518 cuius
1099 2455 1226 2520 firman·

85 2557 141 2622 dae
170 2557 365 2623 documenta
391 2558 538 2642 quamvis
568 2580 724 2643 quaerens
753 2558 843 2623 nulla
872 2560 1079 2644 reppererim:
1114 2583 1130 2625 c
1164 2585 1227 2646 quo

85 2685 201 2749 genere
223 2664 313 2729 velut
334 2664 416 2728 illud
440 2668 490 2728 est
521 2665 560 2729 de
591 2665 760 2731 Romano
793 2665 901 2731 codice
933 2665 1107 2733 Lousonn
1141 2668 1227 2752 quod

85 2769 246 2857 Parergou
269 2793 300 2855 p.
318 2771 384 2835 404
408 2775 518 2836 annot.
542 2772 644 2857 tetigi
689 2771 736 2836 Vt
759 2776 877 2855 autem,
901 2773 1017 2859 quibus
1040 2796 1057 2838 e
1080 2775 1226 2840 fontibus

86 2899 139 2962 per
158 2900 240 2963 quos
258 2883 426 2963 tamquam
448 2877 571 2942 rivulos
594 2880 751 2943 memoria
774 2879 879 2943 omnis
903 2879 1083 2964 scripturae
1106 2880 1226 2946 Plauti·

85 3007 142 3050 nae
170 3007 230 3069 per
257 2985 457 3050 saeculorum
485 2984 722 3050 vicissitudines
751 2986 790 3050 ad
818 2991 965 3051 nostram
989 2989 1129 3051 aetatem
1153 3011 1226 3072 pro·
1241 3027 1355 3069 xxm

85 3078 202 3176 pagata
234 3092 291 3175 sit,
323 3114 387 3156 uno
419 3091 586 3157 oculorum
617 3095 750 3157 contutu
782 3098 1008 3177 cognoscatur,
1040 3096 1223 3160 stemmatis

85 3199 221 3264 artificio
246 3203 320 3263 utar
339 3198 378 3262 ad
397 3197 637 3283 perspiciendas
657 3198 862 3282 cognationis
883 3198 1026 3264 rationes
1045 3201 1226 3286 utilissimo,

86 3304 206 3390 inquo
231 3304 373 3388 perditos
397 3304 498 3369 libros
522 3304 648 3390 graecis
671 3291 799 3388 litteris,
823 3305 931 3370 latinis
956 3308 1147 3390 superstites
1170 3332 1226 3375 no·

85 3411 159 3476 tavi.
206 3411 244 3475 Id
274 3416 384 3476 autem
413 3414 489 3497 post
520 3411 678 3476 diutinam
710 3411 954 3477 meditationem
985 3414 1132 3479 intellexi
1161 3438 1225 3481 non

83 3539 177 3601 posse
201 3518 380 3602 simplicius
405 3541 502 3604 quam
525 3519 571 3584 sic
594 3518 747 3585 construi,

190 3766 216 3836 ⁸)
257 3766 364 3821 Eodem
401 3782 456 3835 quo
493 3765 573 3821 illam
610 3781 662 3835 ego
699 3765 965 3821 commentationem
1003 3766 1115 3821 elimavi
1152 3785 1225 3822 anno

83 3868 300 3913 crorocccxxxv
320 3853 486 3925 ‘symbolas
506 3854 543 3908 ad
570 3852 716 3909 historiam
744 3853 932 3924 philologiae'
963 3873 1026 3911 suas
1053 3857 1091 3912 Io.
1121 3855 1226 3927 Oaspar

84 3944 204 3999 Orellius
233 3944 322 3999 edidit
350 3943 457 4011 Turici,
486 3943 588 4012 quibus
611 3942 715 3998 codicis
738 3961 756 3998 a
779 3943 897 3999 Nicolao
926 3945 1091 4000 Treverensi
1121 3948 1225 4015 reperti

82 4031 294 4089 intermortuam
317 4032 482 4088 memoriam
506 4032 574 4086 item
599 4049 614 4086 e
638 4032 738 4102 Poggii
762 4031 890 4102 epistulis
913 4033 1123 4104 redintegravit.
1171 4035 1226 4089 Sed

83 4141 155 4192 quae
181 4123 222 4177 ibi
246 4140 273 4192 p.
294 4128 310 4176 9
336 4122 371 4176 de
396 4120 511 4191 reliquis
536 4120 616 4176 libris
641 4123 670 4174 et
692 4120 804 4191 scriptis
828 4123 858 4176 et
880 4121 1023 4192 impressis
1046 4123 1173 4177 narravit
1190 4140 1225 4178 na

81 4210 274 4266 Palatinorum
292 4209 406 4281 quidem
420 4210 548 4266 codicum
561 4209 699 4264 rationem
713 4209 828 4280 habens,
847 4227 973 4280 quaeque
989 4211 1024 4266 de
1038 4210 1225 4267 fundamentis

80 4315 235 4368 normaque
259 4298 388 4354 universa
412 4297 588 4354 instaurandi
605 4297 700 4352 Plauti
718 4299 881 4373 praecepit,
904 4315 1000 4354 corum
1023 4316 1075 4357 nec
1093 4300 1163 4356 fides
1182 4304 1225 4356 est

79 4404 131 4443 nec
149 4385 267 4442 utilitas.
