2962 5032
436 252 700 301 auasnsmoms
724 251 934 301 rnavrrurn.
1192 236 1257 301 401

109 392 178 476 nis,
205 390 443 459 concedendum
467 400 517 461 est
543 394 693 461 fortasse
707 397 741 460 in
764 418 878 462 caussa
900 394 1011 478 fuisse,
1034 416 1091 460 cur
1113 395 1153 460 ad
1177 397 1263 477 apnaed

112 499 266 564 vocabuli
286 500 466 585 exemplum
485 503 785 568 accommodaretur
802 507 913 585 caput
935 523 1066 565 nomen:
1089 523 1155 565 non
1174 502 1259 585 quod

112 606 154 670 ab
178 627 216 671 eo
240 609 274 671 et
296 605 493 673 Bacchidum
514 631 626 675 versus
645 610 730 675 1155
746 610 860 691 [1192]
876 609 1003 693 incipit:
1028 609 1128 691 Caput
1145 608 1259 692 preirit,

110 713 205 794 perii,
235 712 294 777 cic
324 713 436 798 nepito',
468 716 523 800 qui
556 719 606 782 est
637 717 876 802 anapaesticus,
910 720 942 780 et
968 714 1065 780 Merc.
1093 713 1259 797 1‚2,42:

113 804 215 902 Odpct
241 819 297 882 tibi
321 819 453 905 facicm,
480 823 537 887 ubi
564 824 663 889 etiam
687 824 786 889 aliam
809 823 851 888 ob
875 844 1025 888 caussam
1047 826 1259 904 transponen-

112 924 189 990 dum
214 926 287 990 noi
308 932 402 1008 caput
421 928 553 1009 soricina:
578 932 633 995 scd
656 934 791 1016 propter
809 953 910 995 unum
930 927 1132 994 Curculionis
1157 930 1259 1011 septe·

111 1033 242 1096 narium
264 1032 306 1117 ΙΙ,
329 1033 360 1118 3,
384 1035 441 1100 81:

193 1261 196 1264 ἦ
226 1164 333 1261 Odput
356 1177 502 1261 deponit,
530 1178 772 1243 condormisoit:
801 1181 861 1265 ego
891 1180 921 1244 ei
949 1179 1093 1244 subduco
1117 1179 1260 1244 a‘nulum.

113 1314 178 1381 Sed
201 1316 263 1383 boc
287 1319 398 1384 addito
421 1320 487 1384 iam
511 1318 669 1384 exhausta
692 1322 742 1384 est
760 1318 935 1385 multitudo
955 1322 1185 1404 exemplorum.
1221 1321 1260 1387 In

112 1425 232 1510 quibus
257 1425 286 1489 si
309 1426 408 1490 ctiam
428 1431 540 1508 poter
565 1426 715 1491 habitum
739 1431 802 1510 est,
825 1427 892 1490 eius
916 1426 963 1490 rei
987 1431 1020 1491 et
1043 1428 1204 1492 rationem
1227 1432 1260 1493 et

111 1530 304 1595 documenta
327 1530 482 1597 desidero.
519 1531 564 1596 Et
587 1534 887 1598 omnium-minime
912 1555 949 1599 cx
974 1556 1011 1599 eo
1031 1538 1259 1619 argumentan-

111 1636 191 1702 dum
213 1658 296 1719 esse,
324 1638 422 1722 quod,
450 1644 486 1703 ut
509 1661 526 1702 e
548 1659 636 1704 soror
657 1641 918 1723 monosyllabum
940 1662 1038 1719 soacr,
1061 1641 1110 1705 ita
1133 1664 1150 1707 e
1168 1646 1260 1725 pater
1273 1664 1348 1705 onvr

110 1742 264 1808 similiter
284 1742 408 1809 factum
431 1767 501 1810 esse
519 1748 594 1829 pdrc
617 1747 743 1826 dicunt,
768 1748 819 1813 vel
842 1748 917 1812 hinc
940 1748 1142 1833 intellegitur
1165 1749 1260 1834 quod,

85 1927 87 1930 y
112 1850 178 1913 etsi
203 1849 284 1930 frere
311 1873 439 1936 quoque
467 1855 500 1917 et
527 1855 607 1916 mcrc
635 1876 652 1918 e
677 1854 778 1934 frater
805 1859 838 1920 ct
860 1860 958 1919 arcuo
984 1858 1152 1920 contracta
1176 1859 1260 1924 sunt,

109 1961 226 2021 tamen
252 1957 332 2023 haec
359 1959 461 2024 latina
488 1981 547 2023 nec
575 1959 742 2025 contendit
770 1960 941 2046 quisquam
968 1983 1028 2026 nec
1055 1961 1163 2045 potuit
1186 1983 1259 2026 con·

111 2062 246 2128 tendere
273 2086 428 2149 umquam
456 2066 683 2150 monosyllaba
711 2067 820 2131 fuisse.
866 2065 1070 2154 Omninoque
1098 2072 1165 2131 tam
1189 2089 1259 2132 esse

110 2169 273 2235 lubricum
300 2171 363 2236 hoc
391 2192 494 2256 genus
518 2171 768 2255 comparationis
793 2173 947 2258 arbitror,
975 2197 1038 2260 quo
1061 2177 1192 2258 practer
1212 2195 1259 2238 ce·

110 2280 202 2341 11101
225 2275 358 2342 Wasius
381 2278 575 2361 delectatur,
602 2277 685 2342 nihil
714 2283 750 2342 ut
773 2278 846 2343 inde
874 2280 1038 2362 proficias:
1066 2279 1195 2364 quando
1218 2302 1259 2344 ne

110 2382 309 2467 Lingianum
331 2404 421 2448 conco
444 2383 573 2466 quidem
597 2383 676 2448 illud
696 2384 735 2448 ad
754 2384 984 2451 illustrandum
1002 2385 1090 2450 leo-mo
1109 2387 1259 2452 vocabuli

113 2511 229 2554 sonum
253 2489 312 2554 ulli
334 2511 385 2553 me
412 2488 517 2553 iudice
545 2490 618 2554 usui
647 2490 718 2554 fuit.
763 2490 853 2575 Ergo
877 2492 1021 2576 exempla
1044 2491 1258 2575 dispicienda:

113 2618 197 2682 quae
228 2600 285 2661 aut
313 2595 402 2661 nulla
432 2616 502 2660 esse
533 2596 704 2681 apparebit
734 2600 790 2660 aut
819 2596 954 2662 incerta:
985 2601 1074 2663 certa
1104 2599 1190 2664 enim
1222 2622 1260 2665 ea

112 2707 243 2768 tantum
273 2702 360 2787 dico,
392 2703 508 2787 quibus
538 2725 604 2768 non
634 2702 793 2768 levidensi
823 2703 918 2767 unius
948 2704 1084 2769 alicuius
1115 2707 1259 2788 syllabae

112 2809 166 2875 vel
189 2809 445 2894 transpositione
468 2810 519 2875 vel
543 2810 717 2875 omissione
740 2810 825 2875 iusta
844 2832 995 2874 mensura
1019 2810 1107 2876 facili
1126 2814 1258 2898 negotio

112 2917 313 2981 restituatur.
363 2915 479 2981 Ordiar
511 2940 530 2982 a
561 2917 700 2982 notabili
734 2917 898 2983 caecitatis
931 2919 1087 3002 exemplo.
1132 2919 1259 3005 Epidici

111 3023 199 3088 enim
224 3022 280 3103 ΙΙΙ,
305 3024 336 3106 2,
362 3024 401 3087 16
417 3045 499 3107 sqq.:

226 3145 312 3212 Nam
340 3147 414 3212 leno
443 3169 537 3213 omne
566 3151 737 3232 argentum
766 3147 901 3212 dbstulit
929 3169 988 3231 pro
1016 3147 1164 3216 fidicina:
1198 3174 1259 3238 ego

913 3256 1046 3340 resolui,

226 3358 378 3425 Manibus
401 3360 452 3425 his
476 3360 688 3444 dinumerant,
711 3365 804 3443 pater
827 3384 920 3427 suam
943 3365 1055 3427 natam
1074 3386 1169 3448 quam
1190 3386 1259 3429 esse

914 3469 1059 3534 credidit.

227 3572 323 3638 Nunc
353 3571 471 3639 iterum
501 3576 539 3636 ut
570 3570 703 3636 fallatur
735 3575 828 3656 pater
859 3573 984 3659 tibique
1017 3576 1171 3640 arixilium
1205 3599 1259 3661 ap·

918 3683 1059 3764 paretur:

113 3829 193 3872 num
223 3805 377 3871 credibile
404 3803 566 3869 videbitur
597 3803 737 3867 medium
766 3824 895 3868 versum
923 3804 973 3867 vel
998 3808 1178 3870 monstrum
1203 3823 1263 3889 pc:

113 3915 181 3978 tius
212 3935 324 3978 versus
355 3911 515 3997 quoddam
547 3912 694 3995 potuisse
724 3911 911 3975 Plautinum
944 3910 1080 3976 haberi?
1112 3915 1167 3998 qui
1201 3936 1259 3979 uec

113 4021 267 4085 Mandas
296 4020 344 4085 bis
374 4020 408 4082 in
430 4018 494 4082 His
523 4019 666 4083 litonibus
695 4040 753 4082 nec
785 4019 912 4082 cralidil
942 4019 976 4081 in
1009 4021 1103 4082 credit
1133 4024 1258 4086 mutato

114 4127 167 4192 vel
190 4130 329 4191 metrum
351 4125 473 4190 habeat
496 4125 546 4188 vel
570 4125 857 4208 constructionem,
886 4128 982 4209 atque
1010 4125 1106 4209 longe
1134 4127 1259 4191 eviden-

73 4312 80 4326 ,
113 4233 242 4298 tissima
271 4232 521 4318 interpolatione
550 4254 588 4295 ex
617 4233 662 4297 eis
691 4236 843 4298 consutus
873 4232 916 4296 sit
944 4254 1026 4316 quae
1053 4232 1187 4297 inferius
1212 4254 1260 4296 se-

115 4344 258 4423 quuntur
282 4363 309 4404 v.
333 4340 375 4403 29
386 4361 466 4423 sqq.:

169 4461 210 4500 sa.
225 4461 376 4497 srrscnsnu
395 4460 532 4497 orvscvas
551 4461 576 4497 v.
1011 4451 1045 4498 26
1100 4494 1104 4501 ,
