2962 5032
268 301 333 364 720
492 318 727 365 unrmruscnu
750 304 970 384 nuscuntur,
994 317 1189 384 anasssnu,

384 512 423 598 n)
447 513 501 578 Im
526 514 767 580 Prooemium
791 514 855 579 des
879 513 1126 579 Wintersem.
1140 462 1300 593 *185311‘54'

511 637 564 723 (de
589 639 736 724 sepulcro
760 637 931 704 Furiorum
956 635 1166 725 Tusculano).

356 780 509 864 Habetis,
541 782 608 845 cari
641 781 877 863 adulescentes,
909 784 1077 865 tamquam
1110 780 1339 866 promulsidem
1365 784 1396 843 ut

268 888 358 952 aiunt
385 909 495 953 aarum
525 887 643 972 dapum
673 910 752 973 quas
781 888 861 953 satis
889 892 924 953 at
951 887 1058 952 varias
1086 891 1121 953 et
1148 889 1258 953 lautas
1280 891 1401 971 paratas

268 995 385 1059 videtis
414 999 448 1058 et
473 993 652 1059 liberaliter
680 995 857 1079 appositas.
903 994 1028 1071 Quibus
1058 995 1107 1059 ita
1134 993 1267 1059 utimini
1295 997 1405 1057 utnec

268 1101 448 1186 degustatis
472 1102 641 1167 delicatius
660 1122 719 1166 nec
738 1101 942 1186 appetentius
962 1100 1159 1183 helluomini,
1184 1100 1241 1164 scd
1266 1122 1341 1165 cum
1360 1100 1408 1163 de

267 1207 351 1273 lectu
372 1213 504 1273 sancet
521 1209 683 1292 simplicia
702 1211 863 1273 sectantes
882 1207 1049 1273 misceatis
1066 1207 1147 1272 utile
1167 1206 1263 1272 dulci,
1288 1205 1412 1271 Valetc.

407 1529 439 1616 o)
463 1528 515 1594 lm
541 1529 779 1594 Prooemium
803 1528 871 1592 des
895 1525 1156 1593 Sommcrsem.
1185 1529 1273 1592 1854

645 1650 838 1738 (veriloquio
861 1649 1036 1736 Plautina).

356 1796 464 1882 Atque
487 1795 565 1859 haec
590 1795 670 1859 satis
694 1798 791 1859 sunto
815 1795 850 1858 in
872 1795 1046 1879 praesenti,
1070 1794 1189 1878 quibus
1213 1793 1256 1858 ad
1276 1816 1414 1878 eaquae

266 1902 482 1986 intraposita
505 1899 793 1966 sunteruditionis
817 1901 1031 1966 instrumenta
1055 1901 1246 1984 variamque
1270 1901 1413 1984 discipli-

267 2031 383 2074 narum
402 2008 640 2093 supellectilem
659 2009 746 2073 oculi
764 2009 863 2073 vestri
883 2009 1047 2093 animique
1066 2008 1290 2072 traducantur.
1321 2007 1412 2073 Vnde

267 2116 434 2200 curabitis,
463 2138 558 2201 quern
582 2115 778 2182 admodum
802 2115 1032 2198 consuevistis,
1060 2115 1152 2180 utin
1177 2115 1302 2180 artium
1325 2116 1408 2180 litte·

159 2261 163 2268 ·
267 2239 440 2307 rarumque
464 2222 572 2286 studia
595 2227 704 2287 vestra
728 2227 760 2287 et
784 2222 824 2286 ad
847 2243 976 2287 omnem
998 2221 1239 2287 humanitatem
1259 2223 1410 2289 informa-

266 2330 387 2394 tionem
414 2329 538 2393 fructus
566 2330 682 2413 optimi
712 2329 892 2394 redundent
920 2328 1128 2413 discendique
1151 2329 1282 2394 fervore
1305 2337 1409 2394 vestro

267 2441 418 2520 prompta
441 2435 624 2501 docentium
648 2437 798 2501 voluntas
823 2440 1026 2520 exaequetur.
1071 2434 1198 2499 Valete.

402 2752 438 2839 p)
463 2755 516 2819 Im
542 2755 784 2821 Prooemium
807 2755 874 2819 des
899 2754 1159 2820 Sommcrscm.
1189 2758 1276 2820 1855

603 2878 655 2965 (dc
679 2880 775 2943 titulo
799 2879 1076 2966 Lambaesitano).

355 3019 423 3084 Vos
449 3026 556 3086 alitem
581 3022 817 3087 commilitones
842 3023 947 3087 valete
971 3027 1095 3088 etcum
1116 3024 1314 3088 aliaouratc
1335 3047 1414 3108 quae

267 3149 322 3189 vus
352 3148 464 3189 curare
495 3129 642 3209 addecet,
675 3133 743 3192 turn
774 3134 903 3211 practer
930 3133 1036 3194 cetera
1060 3129 1156 3212 illud,
1189 3134 1226 3193 ut
1252 3133 1298 3195 sit
1323 3133 1415 3195 robis

269 3254 359 3294 mous
385 3255 464 3296 suna
487 3234 520 3297 in
544 3256 678 3317 corpore
703 3258 790 3300 sano.

396 3498 430 3584 q)
454 3500 507 3585 Inr
532 3499 772 3566 Prooemium
797 3502 860 3566 des
884 3502 1128 3566 Wintersem.
1157 3503 1284 3586 lasau

563 3622 617 3709 (dc
641 3628 720 3691 idom
743 3629 838 3691 isdem
862 3650 953 3710 pron.
976 3625 1114 3712 formis).

356 3766 480 3832 Tantae
511 3769 606 3832 nrolis
635 3773 705 3833 erat
733 3769 931 3834 breviculam
956 3769 994 3832 de
1017 3790 1051 3832 ro
1074 3769 1195 3851 pusilla
1219 3770 1417 3838 admonitio

265 3896 353 3956 nem,
385 3875 439 3937 sed
472 3876 581 3958 magni
614 3876 674 3939 viri
706 3876 958 3940 admonitionem
989 3898 1048 3939 sua
1079 3876 1206 3960 sibique
1238 3877 1355 3944 debita
1384 3881 1416 3944 iu

266 3981 336 4044 luce
369 3964 535 4046 collocare.
592 3981 714 4056 Quodsi
747 3983 972 4066 memineritis,
1005 3983 1072 4047 cari
1106 3983 1367 4067 commilitones,
1400 4011 1417 4051 e

265 4086 374 4170 parvis
399 4091 432 4151 et
455 4089 583 4171 pusillis
607 4110 726 4172 magna
745 4070 854 4153 omnia
874 4094 906 4154 et
925 4089 1066 4152 maxima
1084 4089 1227 4171 conllari,
1253 4113 1314 4155 nec
1336 4093 1416 4158 haec

265 4194 381 4276 ignave
404 4196 672 4276 praetermittatis
696 4219 754 4261 nec
778 4197 919 4281 ineptius
948 4197 1004 4260 illa
1027 4196 1215 4279 fastidietis,
1245 4199 1302 4262 sod
1329 4201 1416 4263 salu-

264 4301 326 4363 tari
356 4302 492 4366 consilio
523 4303 666 4384 utrisque
695 4304 890 4368 consociatis
914 4324 1008 4366 omne
1033 4325 1089 4367 vos
1114 4308 1271 4384 punctum
1298 4307 1416 4371 tulisse

264 4409 503 4471 existimabitis.
