2962 5032
379 314 453 361 UND
477 314 538 361 DIE
563 311 746 360 LEIPZIGER
769 311 1086 359 Panuxvssrunlan'.
1267 293 1309 357 63

170 455 259 523 aliquo
280 455 442 509 enarratore
461 452 518 506 illis
537 469 606 521 opus
626 469 685 507 esse
700 452 837 519 videatur,
856 452 880 504 si
894 452 929 506 ab
944 451 1007 504 aliis
1022 450 1191 505 doctissimis
1205 448 1310 517 alioqui

169 542 325 597 hominibus
344 544 420 596 recte
440 544 468 595 et
486 541 620 596 inoffense
639 540 761 610 intelligi
781 540 908 594 debeant.
938 539 992 594 Sed
1012 540 1045 594 de
1064 539 1098 594 iis
1118 556 1170 609 ego
1190 538 1310 607 amplius

168 633 280 686 verbum
298 631 423 686 facturus
442 647 497 684 non
517 648 591 696 sum,
610 648 644 696 ην
664 648 699 696 μη
719 647 760 682 τι(
779 646 868 696 ωεπερ
888 647 1000 697 εφεκιαν
1021 633 1114 694 βλιττη
1135 646 1178 681 και
1199 631 1309 694 αρετιζη

167 720 212 791 [ἢν
238 723 275 787 μή
298 736 339 774 τι(
362 722 453 786 ὥςπερ
477 721 594 786 τφηκιὰν
620 718 713 787 βλίττῃ
735 721 778 771 καί
797 718 903 787 ἐρεθίζῃ
923 716 989 772 oder
1008 716 1144 771 vielmehr
1164 716 1258 786 βλίττῃ
1279 733 1310 782 με

166 809 294 878 κάρεθίζῃ
314 833 348 854 =
368 807 511 876 Aristoph.
532 807 645 875 Lysistr.
666 825 690 859 v.
711 812 770 860 475.
809 806 837 859 C.
856 805 924 875 W.].

235 897 331 952 Redeo
350 896 387 950 ed
406 898 443 963 te,
462 895 629 964 Alexander,
647 894 696 962 qui
714 894 743 948 in
757 895 810 948 hae
825 911 854 948 re
868 910 920 947 neo
935 895 1072 949 monitore
1086 910 1137 948 nec
1152 894 1309 949 consultore
1355 916 1357 921 ·

164 1004 239 1057 eges.
277 988 310 1040 ln
328 985 465 1039 Romulea
490 983 564 1037 enim
587 983 684 1053 lingua
703 982 861 1053 effingenda
879 982 1029 1053 diligenter
1048 983 1250 1051 ediscendaque
1269 999 1309 1037 se·

164 1076 231 1129 dulc
253 1073 359 1129 nemini
382 1075 493 1128 tuorum
519 1072 680 1141 aequalium
699 1072 787 1139 cedis3
821 1071 929 1126 Graeca
947 1089 1014 1127 vero
1032 1072 1073 1126 ita
1090 1071 1230 1126 foeliciter
1249 1071 1309 1124 imi-

163 1164 245 1231 taris,
275 1166 307 1217 ut
328 1162 468 1231 quottidie
491 1162 598 1231 aliquid
622 1164 651 1216 et
676 1161 780 1215 scribes
805 1163 834 1216 et
852 1163 941 1231 legas,
970 1161 1044 1215 unde
1062 1161 1187 1231 pleniore
1207 1161 1309 1214 haustu

164 1252 527 1329 dulcissimaeloquentiae
552 1250 656 1305 fluenta
685 1250 796 1305 haurire
820 1251 917 1320 possis.
960 1251 1051 1316 Quare
1074 1250 1117 1304 ita
1139 1253 1171 1304 ut
1193 1248 1308 1319 coepist'

163 1357 250 1410 perge
270 1357 353 1410 porro
372 1342 422 1407 ire,
442 1340 471 1393 id
490 1342 534 1394 est
551 1340 706 1394 ameniores
725 1340 833 1395 litteras
852 1339 1091 1407 humanitatisque
1111 1339 1215 1407 studia,
1235 1337 1310 1406 quod

167 1434 218 1484 tus
241 1430 340 1500 sponte
364 1429 447 1497 iacis,
475 1428 626 1498 percupide
650 1432 679 1483 et
702 1430 833 1483 alacriter
859 1429 1052 1498 complectere.
1094 1427 1173 1481 Nihil
1195 1431 1238 1481 est
1260 1443 1308 1496 per

165 1519 249 1572 deum
274 1517 475 1584 immortalem,
503 1516 532 1570 in
556 1533 611 1584 quo
636 1517 677 1570 tui
696 1516 885 1585 praeceptoris
905 1515 1027 1569 animum
1046 1515 1156 1569 facilius
1175 1515 1310 1570 demereri

165 1608 263 1678 possis,
279 1624 362 1675 qnam
378 1606 402 1660 si
416 1605 631 1675 flagrantissimo
646 1604 747 1673 studio,
767 1621 840 1670 cura,
860 1603 955 1658 labore
970 1603 1172 1673 diligentiaque
1186 1602 1308 1674 enitaris,

166 1695 245 1750 utin
265 1713 329 1750 eum
347 1694 438 1748 virum
458 1695 570 1762 evadas,
589 1694 618 1748 in
638 1710 718 1761 quem
738 1696 767 1747 te
786 1710 932 1746 evasurum
948 1693 1005 1747 iere
1020 1709 1115 1747 omnes
1130 1696 1309 1762 augurantur.

168 1784 228 1838 Scis
254 1801 338 1852 quam
364 1783 479 1837 mirifice
501 1787 580 1836 tuam
603 1799 659 1836 non
681 1782 826 1850 vulgarem
846 1798 935 1849 neque
954 1784 1154 1851 pertractatam
1178 1783 1206 1835 in
1229 1782 1310 1836 bonis

165 1873 270 1927 litteris
294 1872 471 1942 capessendis
494 1871 658 1925 industriam
682 1875 729 1924 tuo
754 1871 828 1940 patri
847 1870 978 1940 Philippo
998 1871 1165 1941 Dragstadio
1190 1870 1249 1925 viro
1269 1871 1309 1925 in-

164 1961 316 2032 tegerrimo
339 1962 370 2016 et
393 1960 580 2015 iureconsulto
603 1959 819 2029 prudentissimo
838 1959 949 2029 saepius
969 1960 1081 2029 scriptis
1100 1959 1169 2015 meis
1187 1961 1309 2014 insinua·

164 2052 252 2105 verim
271 2049 454 2118 iusserimque
471 2049 552 2103 illum
571 2050 796 2104 constantissime
815 2050 849 2102 de
869 2052 897 2104 te
916 2067 948 2104 ac
963 2049 1055 2103 studio
1069 2052 1119 2104 tuo
1133 2067 1217 2119 quam
1233 2048 1304 2119 opti·
1315 2045 1392 2102 sorsv

165 2157 240 2193 mam
266 2141 296 2193 et
319 2137 503 2193 certissimam
524 2155 603 2207 spem
621 2138 733 2192 habere.
772 2138 824 2191 Tui
842 2138 965 2192 muneris
985 2139 1098 2192 omnino
1117 2139 1173 2192 iam
1193 2155 1253 2193 esse
1272 2139 1310 2192 vi-

165 2231 256 2296 detur,
276 2227 442 2294 Alexander,
460 2229 493 2281 ut
510 2227 593 2296 plane
612 2227 728 2295 efficias,
747 2243 781 2281 ne
800 2244 844 2280 me
863 2226 935 2281 falso
954 2227 1024 2281 haec
1043 2226 1143 2282 dixisse
1158 2228 1310 2282 arbitretur

168 2322 197 2372 et
221 2335 257 2371 ne
281 2319 334 2370 hac
359 2333 420 2386 spe,
448 2316 476 2369 in
499 2332 584 2385 quam
608 2334 660 2386 ego
685 2317 766 2370 illum
790 2333 853 2370 mea
876 2316 1102 2371 constantissima
1119 2317 1309 2386 predicatione

165 2407 254 2473 erexi,
278 2405 390 2458 demum
409 2405 559 2459 frustratus
579 2423 638 2460 esse
658 2405 794 2460 videatur.
833 2406 913 2471 Quod
931 2408 964 2459 ut
982 2406 1091 2475 sedulo,
1115 2405 1264 2475 diligenter
1283 2406 1312 2459 et

165 2496 297 2551 accurate
316 2492 412 2560 iacias,
432 2511 488 2548 non
507 2494 597 2548 solnm
616 2496 645 2548 te
664 2511 764 2549 moneo
784 2494 832 2548 sed
852 2497 880 2549 et
899 2496 1003 2562 hortor,
1022 2512 1117 2565 urgeo,
1136 2494 1258 2563 impelle.

236 2583 352 2637 Interim
380 2599 447 2637 vero
475 2583 526 2636 hos
554 2583 670 2638 Lucieni
698 2583 826 2653 dialogos
855 2582 1068 2638 iucundissimos
1095 2586 1124 2637 et
1148 2583 1312 2637 utilissimos

166 2675 243 2743 (sunt
266 2675 361 2727 sutem
381 2670 489 2740 Scipio,
514 2670 710 2741 Scaphidium,
730 2672 891 2739 Palinurus,
911 2671 1007 2726 Virtus
1026 2673 1055 2726 et
1073 2671 1223 2740 Hercules),
1242 2687 1312 2739 quos

165 2761 301 2833 privatim
324 2760 376 2814 tibi
399 2759 543 2814 dedicatos
567 2760 596 2813 in
620 2778 700 2814 usum
720 2761 863 2830 publicum
884 2761 949 2828 edo,
975 2760 1125 2830 diligenter
1147 2760 1224 2830 lege3
1255 2759 1311 2812 illis

166 2850 257 2905 veluti
282 2867 345 2903 cum
370 2849 538 2916 quibusdam
561 2849 764 2904 amantissimis
788 2847 996 2903 convictoribus
1019 2853 1047 2903 te
1072 2849 1182 2903 oblecta
1205 2847 1312 2901 creber-

165 2941 245 2994 rime.
283 2939 347 2993 Non
371 2937 427 2992 olei
447 2969 478 2977 —
498 2939 580 2992 crede
604 2939 726 2992 mihi-
746 2955 797 2992 nec
824 2955 924 3007 operae
948 2940 976 2992 te
995 2937 1145 3006 penitebit,
1173 2937 1214 2991 ita
1232 2953 1312 2990 aures

166 3029 231 3080 tuas
256 3027 369 3080 teneras
397 3026 489 3080 adhuc
514 3030 544 3080 et
568 3026 726 3080 molliculas
749 3028 916 3081 suavissimo
940 3029 1063 3096 quodam
1086 3025 1221 3081 sermonis
1244 3041 1311 3080 sono

164 3114 325 3184 implebunt
347 3117 377 3169 et
400 3131 450 3169 ors
474 3117 551 3169 certo
575 3116 675 3169 obtutu
698 3115 788 3169 delixa
812 3117 926 3185 soloque
948 3117 1070 3170 intentos
1089 3116 1197 3181 oculos,
1225 3115 1257 3168 ut
1283 3131 1311 3168 es

165 3204 385 3259 maiuscnlsrum
408 3219 502 3257 rernm
524 3203 641 3257 mirator
664 3202 807 3274 egregius,
832 3205 994 3274 aliquandiu
1017 3206 1161 3260 tenebunt.
1199 3204 1312 3270 Quare

166 3296 264 3347 autem
293 3293 447 3347 tenebunt?
489 3292 597 3360 Nempe
626 3309 719 3346 rernm
747 3293 907 3362 gratissima
935 3294 1087 3362 varietate,
1114 3293 1313 3348 vocabulorum

167 3382 317 3451 splendore
335 3379 520 3449 nitidissimo,
545 3382 747 3435 sententiarum
770 3383 936 3451 gravissimo
955 3383 1078 3452 pondere
1097 3399 1130 3436 se
1149 3380 1236 3436 totius
1255 3380 1312 3434 fere

167 3469 278 3524 laeislis
298 3469 403 3536 eloquii
422 3486 554 3538 expressa
571 3468 652 3525 facie.
1215 3485 1218 3490 ’

240 3557 294 3611 Sed
319 3559 351 3611 ut
374 3573 437 3611 mea
460 3557 582 3627 epistola
600 3574 680 3612 suurn
700 3559 850 3627 aliquando
870 3577 989 3630 pensum
1009 3560 1151 3627 absolvet,
1174 3561 1230 3614 iam
1249 3559 1312 3613 vale

167 3650 196 3702 et
218 3647 300 3701 bonis
323 3647 426 3701 litteris
450 3647 552 3702 aeriter
575 3646 714 3701 incumbe.
752 3648 811 3717 Ego
830 3651 979 3718 preceptor
1002 3667 1035 3703 ac
1059 3650 1181 3703 monitor
1204 3649 1260 3702 tuis
1283 3646 1311 3700 in

167 3738 221 3791 hac
240 3752 269 3790 re
289 3733 435 3790 desideriis
454 3751 595 3805 nunquam
616 3736 715 3791 deero:
744 3754 796 3807 age
814 3741 846 3792 tu
865 3738 961 3804 modo,
984 3756 1018 3792 ne
1041 3737 1095 3793 tibi
1119 3737 1173 3807 ipsi
1192 3735 1312 3791 defuisse

168 3823 298 3879 videaris.
336 3826 440 3879 lterum
469 3825 532 3879 vale
561 3827 590 3878 et
618 3826 702 3879 salve.
741 3824 819 3894 Lipsi
849 3829 949 3881 oetam
976 3827 1118 3880 Kalendas
1146 3825 1312 3879 Decembres
1372 3859 1378 3870 ·

168 3930 241 3968 enno
259 3914 364 3968 natalis
384 3913 535 3968 Christiani
553 3913 706 3969 millesimo
726 3914 949 3984 quingentesimo
969 3914 1077 3969 decimo
1097 3914 1188 3968 tertio.

723 4113 765 4179 ΙΙ.

239 4234 316 4291 Zwei
335 4235 426 4290 Briefe
445 4235 576 4290 Werler’s
600 4253 635 4289 an
655 4234 792 4290 Wilibald
815 4236 1064 4303 Pirckheimer,
1083 4237 1258 4307 abgedruckt
1283 4238 1312 4292 in

170 4321 195 4378 J.
209 4325 379 4379 Heumann's
391 4324 571 4379 ‘documenta
588 4324 714 4379 literaria
733 4326 802 4380 varii
822 4325 1213 4396 argunienti’(Altorfii1758)
1232 4331 1313 4383 unter

170 4413 204 4468 N.
222 4413 367 4468 Xlllllilll
385 4431 412 4483 p.
432 4413 519 4468 asrff.
