2926 5040
227 327 291 391 698
453 343 688 392 ulramrsonu
711 328 937 407 insontior,
959 340 1157 401 conoscere,

787 556 817 619 3.

270 697 451 764 Studien·
481 698 557 763 und
589 695 903 782 Sittenceugniss
933 696 1016 762 dem
1049 697 1282 765 Preussisch
1304 732 1427 780 e„

270 805 543 889 Kronprinzen
575 803 779 869 Friedrich
811 802 997 868 Wilhelm
1031 804 1135 870 belm
1167 804 1363 891 Abgau
1394 840 1418 899 g

357 933 431 977 von
454 911 519 977 der
542 911 795 977 Universitfit
818 910 926 976 Bonn
949 912 1244 997 ausgestellt*)

316 1071 503 1138 celsissimo
527 1070 649 1156 Regiae
677 1070 791 1135 domus
820 1069 1014 1136 Borussicae
1036 1069 1046 1157 ll
1068 1071 1216 1159 Principi
1238 1072 1247 1159 l
1267 1068 1422 1141 ma

229 1178 298 1244 rico
327 1177 490 1244 Guilelmo
518 1175 529 1263 ll
555 1177 769 1243 commilitoni
798 1200 856 1242 suo
884 1178 1135 1262 generosissimo
1159 1177 1169 1263 l
1196 1178 1227 1244 S.
1248 1178 1286 1245 P.
1305 1164 1414 1246 11,

226 1284 349 1370 Regiae
373 1285 603 1350 Vniversitatis
629 1283 820 1349 Pridericiae
851 1282 1043 1350 Guilelmiae
1074 1282 1084 1371 ll
1113 1284 1234 1352 Rector
1262 1294 1291 1352 et
1354 1262 1409 1326 3&

225 1396 332 1458 natus.

314 1497 476 1575 Quoniam
498 1497 533 1561 in
556 1518 594 1562 eo
619 1518 663 1581 es,
686 1497 840 1580 Princeps
864 1496 1060 1583 Celsissime,
1083 1502 1121 1564 ut
1138 1498 1300 1564 discessum

224 1602 292 1686 hac,
316 1605 407 1670 cuius
429 1627 488 1690 per
506 1604 673 1669 biennium
697 1603 896 1669 consortium
920 1603 1136 1689 participasti,
1158 1574 1418 1687 univenitffli·

223 1731 330 1795 pares,
358 1732 425 1776 non
454 1710 551 1776 oflicii
581 1714 712 1775 tantum
739 1710 920 1793 sanctitati,
952 1710 1007 1775 sed
1030 1709 1094 1794 ipsi
1118 1711 1219 1776 animi
1241 1682 1420 1776 affec,m

223 1821 336 1882 nostro
367 1818 566 1899 deessemus,
602 1816 667 1881 nisi
697 1820 731 1880 et
759 1815 937 1881 honorifico
972 1837 1100 1881 morum
1131 1817 1320 1903 studiorumq
1351 1806 1426 1889 2¹¹⁹

223 1923 414 1989 testimonio
445 1923 556 1987 debita
584 1923 699 1987 virtuti
729 1922 875 2006 praemia
903 1923 1124 1988 conferremus
1153 1924 1289 1989 veterio
1401 1917 1428 1961 ¹¹⁰

227 2030 362 2115 antiquo
392 2030 543 2094 instituto
577 2029 773 2113 academice,
804 2033 837 2094 et
867 2029 953 2095 votis
971 2030 1197 2115 pientissimis
1229 2038 1291 2097 tam
1316 2007 1428 2095 ἔῃ·

229 2138 363 2202 lustrem
396 2137 500 2202 civem
532 2140 664 2221 tamque
697 2158 808 2202 carum
840 2137 934 2202 nobis
968 2141 1065 2221 caput
1097 2139 1427 2223 prosequeremaelr·

224 2243 286 2321 Qui
310 2244 366 2308 ubi
389 2244 488 2330 Regis
513 2244 748 2329 Angustissimi
779 2245 914 2308 summis
937 2244 1092 2330 auspiciis
1117 2244 1426 2328 sapientissimas>-

224 2373 285 2434 que
305 2349 565 2416 Celsissimorum
585 2350 762 2416 Parentum
786 2348 923 2415 consilio
947 2353 1043 2435 atque
1068 2352 1423 2438 accusaremus·

224 2461 274 2521 ter
304 2457 385 2522 alias
415 2457 448 2521 in
479 2457 642 2522 communi
674 2457 780 2540 patria
809 2455 977 2522 Musarum
1010 2457 1103 2523 sedes
1137 2457 1221 2523 hano
1251 2457 1424 2523 dmum

1383 1485 1413 1526 81

224 2562 417 2627 Rhenanam
445 2564 595 2647 petebas,
624 2563 671 2627 uti
695 2563 853 2627 bonarum
877 2562 996 2626 artium
1021 2565 1089 2628 acri
1112 2565 1304 2631 tractatione
1357 2549 1425 2619 ad

225 2691 354 2734 omnem
384 2669 621 2735 humanitatem
657 2671 799 2733 mentem
827 2667 930 2732 Tuam
961 2667 1140 2735 liberaliter
1169 2670 1431 2739 informer-⁴³⁸2

223 2776 292 2840 fieri
316 2798 381 2840 non
400 2777 508 2860 potuit
532 2775 610 2860 quin
630 2779 662 2839 et
681 2775 838 2859 singulari
861 2774 955 2839 nobis
974 2774 1091 2841 honori
1109 2781 1177 2841 tam
1197 2779 1433 2864 ingenue-11¹

226 2883 375 2947 fiduciam
399 2885 432 2946 in
457 2887 570 2948 nostra
593 2882 799 2966 potissimum
819 2881 990 2965 disciplina
1009 2885 1150 2966 positam
1175 2885 1439 2951 duceremvsr

223 2994 256 3052 et
285 3011 374 3073 spem
403 2989 669 3053 iucundissimam
699 2989 955 3072 conciperemus,
983 2988 1052 3053 fore
1080 2996 1117 3053 ut
1144 3013 1217 3056 cum
1240 2991 1305 3055 Tua
1384 2976 1442 3039 di

223 3097 318 3160 nobis
347 3100 416 3159 tum
446 3094 484 3158 de
512 3095 557 3159 Te
588 3098 701 3159 nostra
732 3096 929 3178 exspectatio
960 3096 1095 3178 optimis
1124 3097 1283 3163 fructibus
1312 3101 1445 3160 ΞΣ·

223 3202 374 3284 pleretur.
421 3201 517 3265 'Pales
544 3202 669 3265 fructus
698 3201 784 3285 quod
812 3224 897 3264 nunc
925 3202 959 3264 in
984 3201 1044 3285 Te,
1072 3201 1227 3289 Princeps
1251 3204 1341 3270 Cels
1357 3191 1452 3256 ἅθ’

311 3447 337 3514 *)
363 3446 470 3516 [Dieses
496 3445 630 3514 Zaugniss
654 3446 748 3499 warde
772 3445 881 3500 damals
905 3448 956 3501 aul
978 3448 1069 3503 einem
1097 3451 1255 3506 besondern
1279 3430 1459 3506 ΡοιΞΟ

222 3535 327 3604 hogen,
353 3535 480 3590 daneben
505 3534 577 3587 auch
604 3534 633 3587 in
659 3535 808 3588 deutschen
836 3536 1044 3607 Uebersstzung
1069 3539 1285 3595 vertffentlicht.

220 3642 287 3694 mag
305 3625 351 3679 bei
370 3624 461 3679 dieser
475 3622 659 3692 Gelcgenheit
673 3624 723 3676 das
739 3622 902 3693 Epigramm
917 3626 1091 3695 mitgetheilt
1109 3629 1231 3697 werden,
1251 3614 1463 3683 aelel,

220 3713 329 3767 saman
348 3712 459 3767 eram
475 3711 571 3765 sernas
586 3711 698 3781 Konigl.
713 3712 819 3767 uouere
836 3713 879 3768 aa
899 3713 1082 3771 summensi
1102 3719 1249 3773 scararum
1262 3692 1459 3772 ‹uf-⁵

258 3821 364 3872 ‘Wenn
387 3819 426 3871 im
450 3817 602 3871 modornsn
627 3818 751 3872 Gewaud
776 3819 835 3874 sich
859 3820 905 3874 die
923 3821 1002 3874 Muse
1022 3822 1071 3875 Dir
1090 3824 1298 3879 echmoiclrelnd

983 3909 1054 3965 Hera
1072 3910 1141 3982 legt‚

310 3996 407 4050 Bleibo
428 3994 477 4049 der
495 3995 665 4050 classischen
684 3998 755 4050 auch
775 3998 911 4066 gastliche
931 3999 1023 4054 stacte
1042 4004 1195 4071 vergdunt3

257 4086 345 4140 Nicht
362 4085 391 4139 in
410 4084 543 4138 Palltsten
561 4085 646 4139 allain
665 4086 722 4139 und
742 4086 843 4141 Hallen
863 4088 920 4142 und
939 4088 1165 4146 schimmernden
1185 4092 1313 4159 Billrnen,

311 4175 375 4229 Wie
395 4173 435 4228 sie
454 4173 518 4228 dem
538 4173 713 4244 Kdnigessitz
733 4174 876 4245 ktnigliclr
897 4177 1033 4232 ‘Werda’
1054 4177 1188 4234 vorlaiht:

256 4264 334 4318 nucu
354 4263 384 4317 in
402 4263 451 4318 der
470 4263 552 4318 Stille
572 4263 621 4316 der
639 4264 731 4333 Brust,
751 4282 793 4319 wo
812 4266 852 4320 sia
872 4269 956 4335 eruat,
975 4268 1155 4323 harmoniaoh
1175 4271 1233 4325 und
1252 4270 1311 4326 edel

310 4352 400 4406 Ueber
419 4352 468 4405 der
487 4353 583 4407 Zeiten
602 4351 709 4407 Gewirr
727 4353 814 4408 hebet
832 4355 877 4410 ein
896 4355 989 4427 ainnig
1008 4354 1153 4413 Gemdth!

1191 4447 1295 4474 ΠῙΙΗ
