2962 5032
491 297 755 346 nuruusmoms
779 296 992 346 1111111111.
1250 276 1314 341 349

171 442 320 509 doctrina
343 443 630 528 grammaticorum
654 447 734 507 nata
756 441 853 527 est*),
876 441 932 505 sed
956 441 1054 504 etiam
1078 440 1194 505 vitiosa
1217 456 1315 515 011111

168 567 316 627 aequm!
340 550 538 634 saepissime.
579 549 651 634 Ego
673 570 736 631 quu
760 548 888 612 litteras
912 569 946 611 se
970 547 1116 631 excipere
1139 568 1315 631 numquam

169 679 297 741 passus,
319 656 378 721 ubi
398 678 465 721 101
482 657 656 740 reciperem
675 677 743 738 quo,
767 655 860 738 posui
879 675 917 717 cu
934 656 972 717 ut
990 676 1019 716 v.
1034 653 1098 717 392
1118 675 1135 717 0
1150 653 1184 717 Β
1201 674 1315 717 concur.

166 761 340 847 Singulare
365 767 415 826 est
437 765 472 827 in
490 763 604 827 eodem
626 762 711 827 libro
731 765 893 826 servatum
912 784 940 824 v.
950 760 1014 824 437
1039 781 1315 842 quaequomque.

168 906 213 915 —
237 868 313 933 Non
342 870 447 954 magis
474 890 519 933 uu
546 869 673 933 litteras
701 868 839 933 toleravi
867 889 936 962 non⁸
960 867 1169 950 praecedente
1192 889 1224 948 q:
1261 868 1315 931 sed

167 976 440 1059 quemadmodum
461 998 489 1040 v.
499 975 564 1040 438
584 980 722 1039 mutuom
741 996 758 1037 e
777 974 819 1057 Β,
837 975 885 1038 ita
903 974 972 1038 0110
990 974 1083 1038 libris
1103 973 1187 1038 idem
1208 975 1316 1039 1727.

169 1082 244 1147 758.
263 1082 468 1165 10501055,
491 1087 627 1146 urortreos
649 1082 723 1145 494.
738 1081 814 1164 496,
836 1080 1089 1163 loquerentur,
1111 1082 1239 1146 relicuos
1258 1103 1316 1165 pro

168 1189 303 1254 ruimus
326 1186 425 1274 (quod
449 1193 558 1253 tamen
583 1188 617 1253 in
640 1189 732 1252 libris
757 1188 841 1252 solet
862 1188 999 1269 rolequue
1018 1207 1096 1268 esse,
1119 1210 1316 1272 quamquam

169 1296 249 1360 illud
274 1296 422 1381 agnoscit
446 1292 657 1359 Cassiodorus
687 1293 725 1357 de
750 1293 892 1378 orthogr.
915 1316 945 1377 p.
970 1293 1058 1357 2290
1082 1294 1170 1377 [158,
1197 1294 1237 1358 15
1261 1292 1317 1378 Κ.)

170 1426 198 1468 1.
221 1403 289 1467 510
317 1402 456 1486 reposui.
502 1401 664 1485 Exceptus
693 1404 803 1464 tamen
828 1422 898 1464 esse
922 1406 993 1465 10110
1016 1407 1103 1465 turem
1125 1421 1202 1466 suus
1225 1421 1317 1465 suum

169 1509 294 1573 formas
318 1505 477 1591 volui**)3
501 1508 647 1572 aPlauti
671 1508 800 1591 quidem
824 1511 862 1571 ut
880 1512 958 1591 puto
978 1512 1084 1572 aetate
1103 1508 1238 1591 alienas,
1261 1508 1316 1573 sed

171 1639 254 1701 quse
282 1615 368 1679 vitae
397 1637 457 1678 usu
486 1615 711 1700 frequentatae
735 1614 824 1698 prius
849 1615 1015 1698 potuerint
1038 1637 1135 1699 qnam
1159 1619 1315 1699 cognatae
1332 1634 1394 1675 xcv

171 1723 359 1806 subrepere:
392 1726 525 1786 tuentur
552 1725 638 1786 00110
667 1722 751 1787 banc
780 1723 1001 1805 exceptionem
1030 1724 1164 1788 codices.
1188 1759 1229 1768 -
1254 1722 1318 1787 Par

171 1830 256 1894 ratio
280 1850 408 1911 eorum,
435 1850 517 1912 quae
540 1851 608 1892 non
631 1828 777 1893 vocalem
800 1850 835 1912 u,
864 1829 918 1892 sed
943 1833 1173 1894 consonantem
1197 1833 1273 1893 ante
1295 1852 1318 1893 u

170 1936 301 2001 habent
343 1933 390 1998 Vt
412 1935 515 2020 igitur
536 1956 649 2000 nouom
673 1958 701 1999 v.
718 1935 781 1999 792
804 1956 842 1999 ex
866 1936 1026 2020 omuibus,
1049 1958 1125 2003 auos
1148 1960 1176 2001 v.
1192 1938 1257 2002 644
1279 1959 1318 2001 ex

172 2043 323 2107 omnibus
359 2047 487 2126 praeter
516 2064 615 2106 unum
644 2042 910 2125 Ambrosianum,
943 2043 1031 2125 uolqo
1062 2045 1183 2109 sulacem
1214 2065 1318 2109 semes

171 2150 281 2214 uiuent
312 2172 341 2212 v.
365 2149 417 2213 99.
443 2150 514 2214 180.
538 2148 612 2214 435.
639 2149 724 2212 1075
757 2172 774 2214 0
808 2149 878 2214 0010
910 2149 941 2213 Β
968 2149 1170 2235 prodierunt,
1201 2151 1250 2215 ita
1276 2173 1317 2215 ne

171 2258 307 2339 19110000
330 2255 460 2339 quidem
488 2278 517 2319 v.
544 2255 607 2321 165
637 2255 688 2319 101
714 2256 785 2320 uult
808 2259 841 2318 et
863 2255 896 2319 id
920 2276 1021 2340 genus
1044 2257 1171 2342 reliqua
1193 2258 1318 2322 admisi.

174 2362 293 2428 —Pro
315 2384 354 2426 ue
376 2364 563 2426 constanter
586 2384 625 2425 roo
649 2363 817 2446 amplexus
838 2384 909 2426 sum
928 2362 963 2425 in
981 2369 1090 2441 uester,
1108 2370 1227 2429 uortere
1245 2386 1317 2429 eum

173 2492 233 2534 sua
259 2469 428 2553 progenie:
461 2469 494 2534 iu
523 2468 674 2552 qualibus
703 2491 799 2553 quam
825 2468 906 2532 nihil
931 2471 1061 2533 valeant
1083 2470 1173 2555 libri,
1206 2472 1318 2536 docere

172 2599 201 2640 v.
226 2576 290 2641 616
313 2580 437 2660 potest,
460 2576 506 2640 010
530 2577 668 2661 scriptus
692 2577 725 2641 in
749 2576 914 2641 omuibus:
950 2576 989 2639 Vt
1009 2598 1084 2659 uqro
1106 2583 1225 2642 euortot
1245 2579 1318 2643 Les-

173 2684 328 2760 bonicum,
354 2684 477 2764 quaudo
500 2685 608 2748 euertit
630 2683 765 2749 aeduus.
810 2682 959 2746 Pertinet
981 2682 1044 2746 buc
1068 2684 1168 2747 etiam
1190 2690 1320 2748 uotore

171 2812 232 2875 pro
250 2796 362 2873 uetare,
385 2797 576 2856 annotatum
601 2792 701 2856 etiam
720 2791 805 2874 apud
821 2786 1050 2854 ansiodorum
1074 2813 1104 2873 p.
1119 2792 1206 2856 2283
1231 2793 1320 2875 [ma

175 2896 399 2980 17111,ουοά
419 2898 468 2961 vel
487 2897 691 2980 corruptelae
710 2896 856 2962 codicum
875 2899 1037 2960 testantur
1057 2919 1084 2960 v.
1099 2898 1174 2961 457.
1188 2898 1267 2963 474;
1287 2904 1319 2962 01

173 3005 280 3069 miuus
294 3005 328 3068 iu
344 3005 460 3089 vulgus
476 3005 644 3088 cognitum
664 3025 828 3082 uorrere,
846 3009 883 3067 ut
896 3024 1081 3068 eouuorrom
1095 3001 1198 3069 Stichi
1213 3006 1319 3069 versui

172 3110 216 3195 ΙΙ,
226 3113 256 3193 2,
266 3112 306 3177 51
329 3134 368 3176 ex
382 3111 639 3176 arescendum:
664 3111 747 3176 unde
761 3111 848 3175 Trin.
863 3132 891 3175 v.
906 3111 971 3175 409
990 3112 1092 3175 euorei
1109 3117 1181 3175 suut
1199 3113 1321 3176 namuri

173 3219 232 3282 cito
261 3219 450 3302 scripsimus
479 3240 538 3301 pro
569 3241 606 3283 eo
634 3218 721 3303 quod
749 3217 828 3282 olim
855 3219 1117 3303 proponebamus
1144 3224 1322 3284 euersumat

173 3332 336 3408 arpent—um
358 3324 496 3410 0110.***)
520 3363 562 3371 -
586 3326 687 3391 Porro
711 3348 733 3389 u
755 3347 815 3409 pro
838 3326 852 3388 i
873 3326 976 3389 tuitus
1000 3348 1071 3390 sum
1095 3330 1131 3389 ut
1154 3326 1320 3410 antiquius

173 3454 241 3497 101
268 3433 303 3497 11
331 3432 537 3516 superlativis
565 3436 693 3497 tantum
723 3437 755 3496 et
783 3431 943 3495 similibus
972 3436 1009 3495 ut
1032 3433 1193 3514 lepiluueue
1217 3432 1319 3496 omni-

175 3539 249 3622 bus,
280 3540 334 3603 sed
358 3540 455 3602 etiam
479 3539 512 3603 11
537 3539 628 3616 lubet,
652 3540 774 3619 oluqveus
798 3561 826 3601 v.
850 3539 924 3602 596.
949 3539 1027 3620 718,
1054 3539 1222 3603 uiuentibus
1245 3540 1320 3621 471,

175 3646 368 3726 murrfeetue
387 3646 460 3711 895.
475 3646 550 3709 911.
588 3643 798 3708 Reconditius
823 3649 873 3708 est
895 3646 1088 3725 uroquufieus
1111 3645 1320 3709 Ambrosiani

175 3751 238 3816 fide
266 3753 343 3816 alibi
371 3757 509 3816 certum:
541 3753 660 3815 mirum
688 3756 798 3815 autem
826 3772 884 3814 100
912 3774 932 3813 a
954 3752 1077 3815 ratione
1102 3752 1319 3817 defensionem

175 3858 313 3940 babens,
346 3858 401 3921 sed
434 3859 519 3923 idem
551 3866 661 3922 tamen
694 3858 955 3922 testimoniorum
989 3859 1197 3923 multitudine
1229 3864 1320 3923 extra

282 4048 308 4119 ‘)
328 4049 381 4122 [cf.
403 4050 503 4119 Opusc.
523 4051 592 4120 phil.
613 4051 649 4104 lV
669 4070 696 4120 p.
714 4052 787 4122 lad]

264 4141 308 4209 ”l
329 4141 372 4211 [11
387 4140 429 4195 ed.
440 4141 489 4195 alt.
500 4140 669 4195 Ritscbelius
682 4141 804 4195 retinere
818 4141 910 4196 uoluit
927 4141 977 4195 bas
992 4141 1096 4197 formas
1113 4141 1156 4195 ‘ut
1169 4158 1242 4195 nune
1256 4158 1319 4195 eon-

176 4232 235 4283 stat
247 4246 303 4284 non
312 4229 441 4284 Plautino
455 4231 574 4296 tantum,
589 4230 637 4283 sed
652 4230 737 4284 etiam
751 4230 877 4299 proximo
887 4231 997 4285 saeculo
1007 4248 1119 4297 prorsus
1128 4230 1319 4301 incognitas’l

251 4318 307 4387 m)
327 4320 448 4390 [diuerso
466 4319 631 4373 distrahitur
650 4319 702 4371 cito
717 4319 766 4388 As,
786 4319 956 4373 Ritsehelius
971 4319 1069 4387 Trin.²,
1088 4319 1136 4387 qui
1154 4320 1320 4374 distrahitur

176 4409 251 4462 inter
270 4408 328 4462 alia
346 4407 406 4477 ipse
426 4408 653 4478 coniectaverat]
