<?xml version="1.0" encoding="UTF-8"?>
<!DOCTYPE html PUBLIC "-//W3C//DTD XHTML 1.0 Transitional//EN"
    "http://www.w3.org/TR/xhtml1/DTD/xhtml1-transitional.dtd">
<html xmlns="http://www.w3.org/1999/xhtml" xml:lang="en" lang="en">
 <head>
  <title>
</title>
<meta http-equiv="Content-Type" content="text/html;charset=utf-8" />
  <meta name='ocr-system' content='tesseract 3.04.00' />
  <meta name='ocr-capabilities' content='ocr_page ocr_carea ocr_par ocr_line ocrx_word'/>
</head>
<body>
  <div class='ocr_page' id='page_1' title='image "./fridericiritsch02wachgoog_0403.png"; bbox 0 0 2926 5040; ppageno 0'>
   <div class='ocr_carea' id='block_1_1' title="bbox 154 286 1008 351">
    <p class='ocr_par' dir='ltr' id='par_1_1' title="bbox 154 286 1008 351">
     <span class='ocr_line' id='line_1_1' title="bbox 154 286 1008 351; baseline -0.001 0"><span class='ocrx_word' id='word_1_1' title='bbox 154 286 219 351; x_wconf 84' lang='lat'>384</span> <span class='ocrx_word' id='word_1_2' title='bbox 440 299 703 350; x_wconf 77' lang='lat' dir='ltr'>oaonnoounrr</span> <span class='ocrx_word' id='word_1_3' title='bbox 727 301 775 348; x_wconf 82' lang='lat' dir='ltr'>ou</span> <span class='ocrx_word' id='word_1_4' title='bbox 797 299 1008 350; x_wconf 75' lang='lat' dir='ltr'>nrrronmvs</span> 
     </span>
    </p>
   </div>
   <div class='ocr_carea' id='block_1_2' title="bbox 8 444 1334 1069">
    <p class='ocr_par' dir='ltr' id='par_1_2' title="bbox 17 444 1334 638">
     <span class='ocr_line' id='line_1_2' title="bbox 17 444 1301 530; baseline -0.001 -20"><span class='ocrx_word' id='word_1_5' title='bbox 17 470 141 511; x_wconf 78' lang='lat' dir='ltr'>cxxxvi</span> <span class='ocrx_word' id='word_1_6' title='bbox 154 444 228 511; x_wconf 86' lang='lat' dir='ltr'>Nisi</span> <span class='ocrx_word' id='word_1_7' title='bbox 252 444 336 530; x_wconf 90' lang='lat' dir='ltr'>qood</span> <span class='ocrx_word' id='word_1_8' title='bbox 360 444 579 529; x_wconf 88' lang='lat' dir='ltr'>unusquisque</span> <span class='ocrx_word' id='word_1_9' title='bbox 603 466 662 509; x_wconf 85' lang='lat' dir='ltr'>sua</span> <span class='ocrx_word' id='word_1_10' title='bbox 686 448 801 529; x_wconf 87' lang='lat' dir='ltr'>sponte</span> <span class='ocrx_word' id='word_1_11' title='bbox 823 444 986 530; x_wconf 77' lang='lat' dir='ltr'>intellegit</span> <span class='ocrx_word' id='word_1_12' title='bbox 1007 447 1203 528; x_wconf 82' lang='lat' dir='ltr'>correptum</span> <span class='ocrx_word' id='word_1_13' title='bbox 1218 448 1301 528; x_wconf 65' lang='lat' dir='ltr'>pert·</span> 
     </span>
     <span class='ocr_line' id='line_1_3' title="bbox 153 538 1334 638; baseline 0.002 -21"><span class='ocrx_word' id='word_1_14' title='bbox 153 557 304 617; x_wconf 76' lang='lat' dir='ltr'>stromate</span> <span class='ocrx_word' id='word_1_15' title='bbox 331 575 397 618; x_wconf 93' lang='lat' dir='ltr'>non</span> <span class='ocrx_word' id='word_1_16' title='bbox 420 553 527 638; x_wconf 82' lang='lat' dir='ltr'>magis</span> <span class='ocrx_word' id='word_1_17' title='bbox 551 552 683 638; x_wconf 80' lang='lat' dir='ltr'>regulae</span> <span class='ocrx_word' id='word_1_18' title='bbox 706 572 888 637; x_wconf 81' lang='lat' dir='ltr'>repugnare</span> <span class='ocrx_word' id='word_1_19' title='bbox 911 574 1010 637; x_wconf 87' lang='lat' dir='ltr'>quam</span> <span class='ocrx_word' id='word_1_20' title='bbox 1033 549 1193 634; x_wconf 76' lang='lat' dir='ltr'>Philippi.</span> <span class='ocrx_word' id='word_1_21' title='bbox 1236 551 1302 619; x_wconf 83' lang='lat' dir='ltr'>Noa</span> <span class='ocrx_word' id='word_1_22' title='bbox 1331 538 1334 551; x_wconf 58' lang='lat'><strong>¹</strong></span> 
     </span>
    </p>

    <p class='ocr_par' dir='ltr' id='par_1_3' title="bbox 8 658 1332 1069">
     <span class='ocr_line' id='line_1_4' title="bbox 8 658 1302 743; baseline 0.001 -19"><span class='ocrx_word' id='word_1_23' title='bbox 8 685 143 727; x_wconf 81' lang='lat' dir='ltr'>cxxxvn</span> <span class='ocrx_word' id='word_1_24' title='bbox 157 679 217 743; x_wconf 81' lang='lat' dir='ltr'>ego</span> <span class='ocrx_word' id='word_1_25' title='bbox 245 658 439 741; x_wconf 78' lang='lat' dir='ltr'>qadmibrem</span> <span class='ocrx_word' id='word_1_26' title='bbox 468 681 652 724; x_wconf 87' lang='lat' dir='ltr'>mensuram</span> <span class='ocrx_word' id='word_1_27' title='bbox 680 658 820 726; x_wconf 84' lang='lat' dir='ltr'>concedo</span> <span class='ocrx_word' id='word_1_28' title='bbox 844 658 896 723; x_wconf 87' lang='lat' dir='ltr'>vel</span> <span class='ocrx_word' id='word_1_29' title='bbox 923 658 1158 724; x_wconf 74' lang='lat' dir='ltr'>necessitatem</span> <span class='ocrx_word' id='word_1_30' title='bbox 1187 658 1302 725; x_wconf 85' lang='lat' dir='ltr'>habere</span> 
     </span>
     <span class='ocr_line' id='line_1_5' title="bbox 153 764 1332 850; baseline 0.003 -20"><span class='ocrx_word' id='word_1_31' title='bbox 153 766 204 830; x_wconf 85' lang='lat' dir='ltr'>vel</span> <span class='ocrx_word' id='word_1_32' title='bbox 233 765 452 832; x_wconf 81' lang='lat' dir='ltr'>defensionem</span> <span class='ocrx_word' id='word_1_33' title='bbox 480 765 665 832; x_wconf 76' lang='lat' dir='ltr'>admittere:</span> <span class='ocrx_word' id='word_1_34' title='bbox 703 765 780 850; x_wconf 92' lang='lat' dir='ltr'>quid</span> <span class='ocrx_word' id='word_1_35' title='bbox 809 769 861 831; x_wconf 87' lang='lat' dir='ltr'>est</span> <span class='ocrx_word' id='word_1_36' title='bbox 887 766 973 831; x_wconf 91' lang='lat' dir='ltr'>enim</span> <span class='ocrx_word' id='word_1_37' title='bbox 1002 764 1139 832; x_wconf 87' lang='lat' dir='ltr'>tandem</span> <span class='ocrx_word' id='word_1_38' title='bbox 1169 767 1303 833; x_wconf 77' lang='lat' dir='ltr'>oursel</span> <span class='ocrx_word' id='word_1_39' title='bbox 1329 838 1332 845; x_wconf 68' lang='grc'>,</span> 
     </span>
     <span class='ocr_line' id='line_1_6' title="bbox 154 872 1303 957; baseline 0.003 -20"><span class='ocrx_word' id='word_1_40' title='bbox 154 873 314 957; x_wconf 77' lang='lat' dir='ltr'><strong>ingratius</strong></span> <span class='ocrx_word' id='word_1_41' title='bbox 353 895 423 938; x_wconf 86' lang='lat' dir='ltr'>esse</span> <span class='ocrx_word' id='word_1_42' title='bbox 455 873 506 937; x_wconf 85' lang='lat' dir='ltr'>vel</span> <span class='ocrx_word' id='word_1_43' title='bbox 538 873 644 937; x_wconf 88' lang='lat' dir='ltr'>minus</span> <span class='ocrx_word' id='word_1_44' title='bbox 681 873 874 939; x_wconf 86' lang='lat' dir='ltr'>conveniens</span> <span class='ocrx_word' id='word_1_45' title='bbox 910 872 1032 938; x_wconf 86' lang='lat' dir='ltr'>rationi</span> <span class='ocrx_word' id='word_1_46' title='bbox 1069 875 1303 956; x_wconf 63' lang='lat' dir='ltr'>quamodrem</span> 
     </span>
     <span class='ocr_line' id='line_1_7' title="bbox 155 979 1330 1069; baseline 0.002 -24"><span class='ocrx_word' id='word_1_47' title='bbox 155 1003 250 1065; x_wconf 86' lang='lat' dir='ltr'>quam</span> <span class='ocrx_word' id='word_1_48' title='bbox 278 979 579 1063; x_wconf 78' lang='lat' dir='ltr'>quemddmodom</span> <span class='ocrx_word' id='word_1_49' title='bbox 607 980 774 1046; x_wconf 85' lang='lat' dir='ltr'>dicamus?</span> <span class='ocrx_word' id='word_1_50' title='bbox 811 979 896 1065; x_wconf 90' lang='lat' dir='ltr'>quod</span> <span class='ocrx_word' id='word_1_51' title='bbox 926 979 1070 1045; x_wconf 90' lang='lat' dir='ltr'>nondum</span> <span class='ocrx_word' id='word_1_52' title='bbox 1097 982 1230 1047; x_wconf 85' lang='lat' dir='ltr'>exstitit</span> <span class='ocrx_word' id='word_1_53' title='bbox 1250 981 1330 1069; x_wconf 84' lang='lat' dir='ltr'>qni.</span> 
     </span>
    </p>
   </div>
   <div class='ocr_carea' id='block_1_3' title="bbox 154 1086 1305 1283">
    <p class='ocr_par' dir='ltr' id='par_1_4' title="bbox 154 1086 1305 1283">
     <span class='ocr_line' id='line_1_8' title="bbox 154 1086 1305 1175; baseline 0 -21"><span class='ocrx_word' id='word_1_54' title='bbox 154 1090 409 1171; x_wconf 62' lang='lat' dir='ltr'>quaemadmodum</span> <span class='ocrx_word' id='word_1_55' title='bbox 437 1086 576 1171; x_wconf 86' lang='lat' dir='ltr'>proferri</span> <span class='ocrx_word' id='word_1_56' title='bbox 603 1087 737 1153; x_wconf 88' lang='lat' dir='ltr'>iuberet.</span> <span class='ocrx_word' id='word_1_57' title='bbox 784 1086 919 1154; x_wconf 80' lang='lat' dir='ltr'>Certiae</span> <span class='ocrx_word' id='word_1_58' title='bbox 941 1087 1040 1153; x_wconf 86' lang='lat' dir='ltr'>etiam</span> <span class='ocrx_word' id='word_1_59' title='bbox 1070 1093 1125 1154; x_wconf 88' lang='lat' dir='ltr'>est</span> <span class='ocrx_word' id='word_1_60' title='bbox 1156 1088 1305 1175; x_wconf 55' lang='lat' dir='ltr'>barbara</span> 
     </span>
     <span class='ocr_line' id='line_1_9' title="bbox 154 1194 1304 1283; baseline 0.003 -23"><span class='ocrx_word' id='word_1_61' title='bbox 154 1217 213 1260; x_wconf 88' lang='lat' dir='ltr'>nec</span> <span class='ocrx_word' id='word_1_62' title='bbox 231 1196 281 1261; x_wconf 85' lang='lat' dir='ltr'>vel</span> <span class='ocrx_word' id='word_1_63' title='bbox 300 1195 452 1261; x_wconf 87' lang='lat' dir='ltr'>Plautina</span> <span class='ocrx_word' id='word_1_64' title='bbox 469 1195 520 1259; x_wconf 83' lang='lat' dir='ltr'>vel</span> <span class='ocrx_word' id='word_1_65' title='bbox 544 1196 648 1261; x_wconf 86' lang='lat' dir='ltr'>latina</span> <span class='ocrx_word' id='word_1_66' title='bbox 671 1217 741 1261; x_wconf 83' lang='lat' dir='ltr'>ease</span> <span class='ocrx_word' id='word_1_67' title='bbox 765 1194 870 1260; x_wconf 86' lang='lat' dir='ltr'>tribus</span> <span class='ocrx_word' id='word_1_68' title='bbox 893 1194 972 1260; x_wconf 89' lang='lat' dir='ltr'>adeo</span> <span class='ocrx_word' id='word_1_69' title='bbox 996 1195 1119 1261; x_wconf 77' lang='lat' dir='ltr'>litteris</span> <span class='ocrx_word' id='word_1_70' title='bbox 1146 1196 1304 1283; x_wconf 82' lang='lat' dir='ltr'>correptis</span> 
     </span>
    </p>
   </div>
   <div class='ocr_carea' id='block_1_4' title="bbox 154 1302 1308 1494">
    <p class='ocr_par' dir='ltr' id='par_1_5' title="bbox 154 1302 1308 1494">
     <span class='ocr_line' id='line_1_10' title="bbox 154 1302 1307 1387; baseline 0.01 -25"><span class='ocrx_word' id='word_1_71' title='bbox 154 1304 312 1386; x_wconf 61' lang='lat' dir='ltr'>improbas</span> <span class='ocrx_word' id='word_1_72' title='bbox 342 1303 522 1384; x_wconf 70' lang='lat' dir='ltr'>imprudens</span> <span class='ocrx_word' id='word_1_73' title='bbox 553 1303 667 1381; x_wconf 74' lang='lat' dir='ltr'>datore,</span> <span class='ocrx_word' id='word_1_74' title='bbox 703 1302 755 1387; x_wconf 76' lang='lat' dir='ltr'>c‘po</span> <span class='ocrx_word' id='word_1_75' title='bbox 790 1302 986 1381; x_wconf 74' lang='lat' dir='ltr'>ibtmncribo,</span> <span class='ocrx_word' id='word_1_76' title='bbox 1021 1304 1102 1385; x_wconf 77' lang='lat' dir='ltr'>quid</span> <span class='ocrx_word' id='word_1_77' title='bbox 1138 1302 1307 1387; x_wconf 55' lang='lat' dir='ltr'>reprom</span> 
     </span>
     <span class='ocr_line' id='line_1_11' title="bbox 155 1408 1308 1494; baseline 0.004 -20"><span class='ocrx_word' id='word_1_78' title='bbox 155 1409 245 1475; x_wconf 81' lang='lat' dir='ltr'>Trin.</span> <span class='ocrx_word' id='word_1_79' title='bbox 267 1410 342 1476; x_wconf 87' lang='lat'><strong>318.</strong></span> <span class='ocrx_word' id='word_1_80' title='bbox 402 1408 473 1486; x_wconf 78' lang='lat' dir='ltr'>Quo</span> <span class='ocrx_word' id='word_1_81' title='bbox 510 1408 674 1494; x_wconf 76' lang='lat' dir='ltr'>pertineat</span> <span class='ocrx_word' id='word_1_82' title='bbox 711 1409 809 1474; x_wconf 88' lang='lat' dir='ltr'>etiam</span> <span class='ocrx_word' id='word_1_83' title='bbox 845 1408 1103 1492; x_wconf 64' lang='lat' dir='ltr'>quenadmodum</span> <span class='ocrx_word' id='word_1_84' title='bbox 1143 1410 1308 1494; x_wconf 59' lang='lat' dir='ltr'>&amp;opediunt</span> 
     </span>
    </p>
   </div>
   <div class='ocr_carea' id='block_1_5' title="bbox 155 1516 1309 1818">
    <p class='ocr_par' dir='ltr' id='par_1_6' title="bbox 155 1516 1309 1818">
     <span class='ocr_line' id='line_1_12' title="bbox 155 1516 1307 1603; baseline 0.004 -22"><span class='ocrx_word' id='word_1_85' title='bbox 155 1540 184 1582; x_wconf 85' lang='lat' dir='ltr'>v.</span> <span class='ocrx_word' id='word_1_86' title='bbox 208 1517 286 1601; x_wconf 85' lang='lat'><strong>236,</strong></span> <span class='ocrx_word' id='word_1_87' title='bbox 318 1517 383 1582; x_wconf 87' lang='lat' dir='ltr'>nisi</span> <span class='ocrx_word' id='word_1_88' title='bbox 410 1516 443 1581; x_wconf 92' lang='lat' dir='ltr'>id</span> <span class='ocrx_word' id='word_1_89' title='bbox 471 1518 517 1582; x_wconf 84' lang='lat' dir='ltr'>sit</span> <span class='ocrx_word' id='word_1_90' title='bbox 543 1518 577 1582; x_wconf 93' lang='lat' dir='ltr'>in</span> <span class='ocrx_word' id='word_1_91' title='bbox 605 1516 785 1583; x_wconf 84' lang='lat' dir='ltr'>octonario:</span> <span class='ocrx_word' id='word_1_92' title='bbox 822 1539 1017 1603; x_wconf 84' lang='lat' dir='ltr'>quemquam</span> <span class='ocrx_word' id='word_1_93' title='bbox 1040 1519 1096 1583; x_wconf 84' lang='lat' dir='ltr'>vel</span> <span class='ocrx_word' id='word_1_94' title='bbox 1120 1519 1173 1585; x_wconf 86' lang='lat' dir='ltr'>sio</span> <span class='ocrx_word' id='word_1_95' title='bbox 1196 1519 1307 1586; x_wconf 83' lang='lat' dir='ltr'>dubito</span> 
     </span>
     <span class='ocr_line' id='line_1_13' title="bbox 155 1625 1305 1712; baseline 0.002 -22"><span class='ocrx_word' id='word_1_96' title='bbox 155 1648 231 1690; x_wconf 89' lang='lat' dir='ltr'>num</span> <span class='ocrx_word' id='word_1_97' title='bbox 264 1647 330 1690; x_wconf 92' lang='lat' dir='ltr'>non</span> <span class='ocrx_word' id='word_1_98' title='bbox 362 1645 419 1708; x_wconf 77' lang='lat' dir='ltr'>cop</span> <span class='ocrx_word' id='word_1_99' title='bbox 450 1625 560 1709; x_wconf 87' lang='lat' dir='ltr'>potius</span> <span class='ocrx_word' id='word_1_100' title='bbox 593 1625 788 1709; x_wconf 84' lang='lat' dir='ltr'>corripietur</span> <span class='ocrx_word' id='word_1_101' title='bbox 820 1647 916 1710; x_wconf 89' lang='lat' dir='ltr'>quam</span> <span class='ocrx_word' id='word_1_102' title='bbox 942 1626 976 1690; x_wconf 92' lang='lat' dir='ltr'>in</span> <span class='ocrx_word' id='word_1_103' title='bbox 1005 1648 1109 1691; x_wconf 89' lang='lat' dir='ltr'>unam</span> <span class='ocrx_word' id='word_1_104' title='bbox 1143 1626 1305 1712; x_wconf 83' lang='lat' dir='ltr'>syllabam</span> 
     </span>
     <span class='ocr_line' id='line_1_14' title="bbox 155 1729 1309 1818; baseline 0.003 -22"><span class='ocrx_word' id='word_1_105' title='bbox 155 1733 280 1796; x_wconf 77' lang='lat' dir='ltr'>modion</span> <span class='ocrx_word' id='word_1_106' title='bbox 312 1731 518 1815; x_wconf 83' lang='lat' dir='ltr'>coalescat*)</span> <span class='ocrx_word' id='word_1_107' title='bbox 571 1729 723 1797; x_wconf 81' lang='lat' dir='ltr'>Ceterum</span> <span class='ocrx_word' id='word_1_108' title='bbox 755 1752 822 1796; x_wconf 91' lang='lat' dir='ltr'>non</span> <span class='ocrx_word' id='word_1_109' title='bbox 855 1731 1030 1798; x_wconf 84' lang='lat' dir='ltr'>obliviscor</span> <span class='ocrx_word' id='word_1_110' title='bbox 1064 1732 1258 1818; x_wconf 88' lang='lat' dir='ltr'>simplicem</span> <span class='ocrx_word' id='word_1_111' title='bbox 1286 1752 1309 1799; x_wconf 72' lang='lat' dir='ltr'><em>x</em></span> 
     </span>
    </p>
   </div>
   <div class='ocr_carea' id='block_1_6' title="bbox 156 1869 1338 2123">
    <p class='ocr_par' dir='ltr' id='par_1_7' title="bbox 156 1869 1338 2123">
     <span class='ocr_line' id='line_1_15' title="bbox 156 1869 1309 1942; baseline 0.004 -16"><span class='ocrx_word' id='word_1_112' title='bbox 156 1870 212 1926; x_wconf 84' lang='lat' dir='ltr'>Vbi</span> <span class='ocrx_word' id='word_1_113' title='bbox 237 1870 315 1941; x_wconf 80' lang='lat' dir='ltr'>Quo&#39;d</span> <span class='ocrx_word' id='word_1_114' title='bbox 339 1876 369 1924; x_wconf 84' lang='lat' dir='ltr'>tu</span> <span class='ocrx_word' id='word_1_115' title='bbox 392 1876 549 1941; x_wconf 73' lang='lat' dir='ltr'>arpentum,</span> <span class='ocrx_word' id='word_1_116' title='bbox 572 1873 640 1941; x_wconf 74' lang='lat' dir='ltr'>prode</span> <span class='ocrx_word' id='word_1_117' title='bbox 662 1872 730 1925; x_wconf 76' lang='lat' dir='ltr'>miti</span> <span class='ocrx_word' id='word_1_118' title='bbox 752 1872 837 1926; x_wconf 73' lang='lat' dir='ltr'>tricae</span> <span class='ocrx_word' id='word_1_119' title='bbox 854 1869 973 1926; x_wconf 85' lang='lat' dir='ltr'>Bothius</span> <span class='ocrx_word' id='word_1_120' title='bbox 991 1872 1123 1942; x_wconf 78' lang='lat' dir='ltr'>reposuit</span> <span class='ocrx_word' id='word_1_121' title='bbox 1142 1874 1309 1931; x_wconf 76' lang='lat' dir='ltr'>rectissime.</span> 
     </span>
     <span class='ocr_line' id='line_1_16' title="bbox 156 1957 1307 2033; baseline 0.005 -21"><span class='ocrx_word' id='word_1_122' title='bbox 156 1960 200 2014; x_wconf 84' lang='lat' dir='ltr'>An</span> <span class='ocrx_word' id='word_1_123' title='bbox 218 1975 253 2014; x_wconf 90' lang='lat' dir='ltr'>ne</span> <span class='ocrx_word' id='word_1_124' title='bbox 271 1957 343 2013; x_wconf 89' lang='lat' dir='ltr'>illud</span> <span class='ocrx_word' id='word_1_125' title='bbox 361 1959 474 2027; x_wconf 88' lang='lat' dir='ltr'>quidem</span> <span class='ocrx_word' id='word_1_126' title='bbox 493 1959 642 2030; x_wconf 86' lang='lat' dir='ltr'>quicquam</span> <span class='ocrx_word' id='word_1_127' title='bbox 662 1959 824 2031; x_wconf 77' lang='lat' dir='ltr'>suspitionis</span> <span class='ocrx_word' id='word_1_128' title='bbox 842 1962 963 2030; x_wconf 82' lang='lat' dir='ltr'>moveat,</span> <span class='ocrx_word' id='word_1_129' title='bbox 983 1961 1061 2031; x_wconf 92' lang='lat' dir='ltr'>qood</span> <span class='ocrx_word' id='word_1_130' title='bbox 1075 1961 1307 2033; x_wconf 62' lang='lat' dir='ltr'>PsenstAYl</span> 
     </span>
     <span class='ocr_line' id='line_1_17' title="bbox 156 2047 1338 2123; baseline 0.002 -18"><span class='ocrx_word' id='word_1_131' title='bbox 156 2066 220 2105; x_wconf 90' lang='lat' dir='ltr'>cum</span> <span class='ocrx_word' id='word_1_132' title='bbox 238 2049 337 2103; x_wconf 89' lang='lat' dir='ltr'>eadem</span> <span class='ocrx_word' id='word_1_133' title='bbox 356 2047 530 2119; x_wconf 87' lang='lat' dir='ltr'>correptione</span> <span class='ocrx_word' id='word_1_134' title='bbox 549 2048 698 2104; x_wconf 84' lang='lat' dir='ltr'>coniuncta</span> <span class='ocrx_word' id='word_1_135' title='bbox 716 2049 761 2103; x_wconf 83' lang='lat' dir='ltr'>ert</span> <span class='ocrx_word' id='word_1_136' title='bbox 778 2048 864 2104; x_wconf 88' lang='lat' dir='ltr'>etiam</span> <span class='ocrx_word' id='word_1_137' title='bbox 882 2051 932 2120; x_wconf 76' lang='lat' dir='ltr'>psci</span> <span class='ocrx_word' id='word_1_138' title='bbox 948 2049 1026 2106; x_wconf 83' lang='lat' dir='ltr'>vocis</span> <span class='ocrx_word' id='word_1_139' title='bbox 1045 2051 1209 2123; x_wconf 82' lang='lat' dir='ltr'>correptio:</span> <span class='ocrx_word' id='word_1_140' title='bbox 1324 2084 1338 2107; x_wconf 61' lang='grc' dir='ltr'><strong>ι</strong></span> 
     </span>
    </p>
   </div>
   <div class='ocr_carea' id='block_1_7' title="bbox 229 2153 1120 2227">
    <p class='ocr_par' dir='ltr' id='par_1_8' title="bbox 229 2153 1120 2227">
     <span class='ocr_line' id='line_1_18' title="bbox 229 2153 1120 2227; baseline 0.001 -18"><span class='ocrx_word' id='word_1_141' title='bbox 229 2155 285 2221; x_wconf 76' lang='lat' dir='ltr'>Qut</span> <span class='ocrx_word' id='word_1_142' title='bbox 302 2170 348 2209; x_wconf 92' lang='lat' dir='ltr'>me</span> <span class='ocrx_word' id='word_1_143' title='bbox 367 2153 485 2225; x_wconf 64' lang='lat' dir='ltr'>tergente</span> <span class='ocrx_word' id='word_1_144' title='bbox 503 2155 730 2210; x_wconf 84' lang='lat' dir='ltr'>circumutrtant</span> <span class='ocrx_word' id='word_1_145' title='bbox 768 2153 836 2221; x_wconf 84' lang='lat' dir='ltr'>Quis</span> <span class='ocrx_word' id='word_1_146' title='bbox 854 2170 900 2209; x_wconf 91' lang='lat' dir='ltr'>me</span> <span class='ocrx_word' id='word_1_147' title='bbox 917 2154 1054 2212; x_wconf 72' lang='lat' dir='ltr'>codicior</span> <span class='ocrx_word' id='word_1_148' title='bbox 1074 2188 1120 2227; x_wconf 85' lang='lat'>-‚</span> 
     </span>
    </p>
   </div>
   <div class='ocr_carea' id='block_1_8' title="bbox 156 2250 1308 2600">
    <p class='ocr_par' dir='ltr' id='par_1_9' title="bbox 156 2250 1308 2600">
     <span class='ocr_line' id='line_1_19' title="bbox 156 2250 1307 2333; baseline 0.003 -14"><span class='ocrx_word' id='word_1_149' title='bbox 156 2278 255 2333; x_wconf 86' lang='lat' dir='ltr'>reapse</span> <span class='ocrx_word' id='word_1_150' title='bbox 274 2261 369 2333; x_wconf 77' lang='lat' dir='ltr'>igitur,</span> <span class='ocrx_word' id='word_1_151' title='bbox 388 2261 416 2315; x_wconf 91' lang='lat' dir='ltr'>id</span> <span class='ocrx_word' id='word_1_152' title='bbox 435 2262 512 2331; x_wconf 87' lang='lat' dir='ltr'>quod</span> <span class='ocrx_word' id='word_1_153' title='bbox 530 2279 616 2331; x_wconf 82' lang='lat' dir='ltr'>repra</span> <span class='ocrx_word' id='word_1_154' title='bbox 633 2261 801 2329; x_wconf 83' lang='lat' dir='ltr'>ridebamus,</span> <span class='ocrx_word' id='word_1_155' title='bbox 819 2261 849 2315; x_wconf 93' lang='lat' dir='ltr'>in</span> <span class='ocrx_word' id='word_1_156' title='bbox 867 2250 955 2318; x_wconf 71' lang='lat' dir='ltr'>iambi</span> <span class='ocrx_word' id='word_1_157' title='bbox 972 2259 1068 2318; x_wconf 90' lang='lat' dir='ltr'>locum</span> <span class='ocrx_word' id='word_1_158' title='bbox 1087 2264 1237 2322; x_wconf 83' lang='lat' dir='ltr'>molossus</span> <span class='ocrx_word' id='word_1_159' title='bbox 1249 2267 1307 2323; x_wconf 69' lang='lat' dir='ltr'>sot</span> 
     </span>
     <span class='ocr_line' id='line_1_20' title="bbox 156 2350 1308 2421; baseline 0.004 -13"><span class='ocrx_word' id='word_1_160' title='bbox 156 2354 288 2408; x_wconf 75' lang='lat' dir='ltr'>stitutus?</span> <span class='ocrx_word' id='word_1_161' title='bbox 324 2350 463 2406; x_wconf 87' lang='lat' dir='ltr'>Nimirum</span> <span class='ocrx_word' id='word_1_162' title='bbox 486 2368 638 2421; x_wconf 78' lang='lat' dir='ltr'>numquam</span> <span class='ocrx_word' id='word_1_163' title='bbox 660 2350 768 2406; x_wconf 81' lang='lat' dir='ltr'>factum</span> <span class='ocrx_word' id='word_1_164' title='bbox 786 2352 828 2406; x_wconf 86' lang='lat' dir='ltr'>est</span> <span class='ocrx_word' id='word_1_165' title='bbox 845 2350 927 2419; x_wconf 86' lang='lat' dir='ltr'>alibi,</span> <span class='ocrx_word' id='word_1_166' title='bbox 954 2353 987 2406; x_wconf 92' lang='lat' dir='ltr'>ut</span> <span class='ocrx_word' id='word_1_167' title='bbox 1008 2367 1027 2406; x_wconf 75' lang='lat' dir='ltr'>e</span> <span class='ocrx_word' id='word_1_168' title='bbox 1051 2354 1131 2410; x_wconf 87' lang='lat' dir='ltr'>male</span> <span class='ocrx_word' id='word_1_169' title='bbox 1152 2356 1253 2415; x_wconf 86' lang='lat' dir='ltr'>sedulo</span> <span class='ocrx_word' id='word_1_170' title='bbox 1269 2372 1308 2413; x_wconf 74' lang='lat' dir='ltr'><em>u</em></span> 
     </span>
     <span class='ocr_line' id='line_1_21' title="bbox 156 2440 1307 2520; baseline 0.004 -23"><span class='ocrx_word' id='word_1_171' title='bbox 156 2442 202 2497; x_wconf 87' lang='lat' dir='ltr'>vel</span> <span class='ocrx_word' id='word_1_172' title='bbox 220 2447 246 2496; x_wconf 82' lang='lat' dir='ltr'>te</span> <span class='ocrx_word' id='word_1_173' title='bbox 263 2440 469 2496; x_wconf 71' lang='lat' dir='ltr'>adocnberetur</span> <span class='ocrx_word' id='word_1_174' title='bbox 487 2441 562 2510; x_wconf 89' lang='lat' dir='ltr'>quod</span> <span class='ocrx_word' id='word_1_175' title='bbox 579 2457 636 2495; x_wconf 92' lang='lat' dir='ltr'>non</span> <span class='ocrx_word' id='word_1_176' title='bbox 653 2440 794 2511; x_wconf 83' lang='lat' dir='ltr'>posuisset</span> <span class='ocrx_word' id='word_1_177' title='bbox 810 2443 902 2510; x_wconf 79' lang='lat' dir='ltr'>poeta</span> <span class='ocrx_word' id='word_1_178' title='bbox 936 2441 974 2497; x_wconf 80' lang='lat' dir='ltr'>At</span> <span class='ocrx_word' id='word_1_179' title='bbox 991 2442 1070 2498; x_wconf 90' lang='lat' dir='ltr'>enim</span> <span class='ocrx_word' id='word_1_180' title='bbox 1089 2445 1185 2502; x_wconf 74' lang='lat' dir='ltr'>etiam</span> <span class='ocrx_word' id='word_1_181' title='bbox 1202 2446 1307 2520; x_wconf 77' lang='lat' dir='ltr'>amplii-</span> 
     </span>
     <span class='ocr_line' id='line_1_22' title="bbox 156 2528 962 2600; baseline -0.001 -14"><span class='ocrx_word' id='word_1_182' title='bbox 156 2532 276 2587; x_wconf 88' lang='lat' dir='ltr'>braohus</span> <span class='ocrx_word' id='word_1_183' title='bbox 294 2529 325 2584; x_wconf 91' lang='lat' dir='ltr'>in</span> <span class='ocrx_word' id='word_1_184' title='bbox 341 2528 468 2585; x_wconf 85' lang='lat' dir='ltr'>trochaei</span> <span class='ocrx_word' id='word_1_185' title='bbox 485 2529 578 2584; x_wconf 88' lang='lat' dir='ltr'>locum</span> <span class='ocrx_word' id='word_1_186' title='bbox 596 2529 680 2585; x_wconf 88' lang='lat' dir='ltr'>cessit</span> <span class='ocrx_word' id='word_1_187' title='bbox 697 2529 799 2585; x_wconf 85' lang='lat' dir='ltr'>Persae</span> <span class='ocrx_word' id='word_1_188' title='bbox 819 2530 853 2598; x_wconf 83' lang='grc' dir='ltr'>ΙΙ,</span> <span class='ocrx_word' id='word_1_189' title='bbox 871 2535 897 2600; x_wconf 78' lang='lat'>2,</span> <span class='ocrx_word' id='word_1_190' title='bbox 917 2536 962 2585; x_wconf 81' lang='lat'>18:</span> 
     </span>
    </p>
   </div>
   <div class='ocr_carea' id='block_1_9' title="bbox 228 2633 1237 2717">
    <p class='ocr_par' dir='ltr' id='par_1_10' title="bbox 228 2633 1237 2717">
     <span class='ocr_line' id='line_1_23' title="bbox 228 2633 1237 2717; baseline -0.004 -23"><span class='ocrx_word' id='word_1_191' title='bbox 228 2633 284 2694; x_wconf 71' lang='lat' dir='ltr'>Abi</span> <span class='ocrx_word' id='word_1_192' title='bbox 301 2636 391 2692; x_wconf 92' lang='lat' dir='ltr'>modo.</span> <span class='ocrx_word' id='word_1_193' title='bbox 429 2636 490 2706; x_wconf 80' lang='lat' dir='ltr'>Ego</span> <span class='ocrx_word' id='word_1_194' title='bbox 509 2636 637 2692; x_wconf 82' lang='lat' dir='ltr'>laudtbis</span> <span class='ocrx_word' id='word_1_195' title='bbox 655 2635 728 2692; x_wconf 89' lang='lat' dir='ltr'>faxo.</span> <span class='ocrx_word' id='word_1_196' title='bbox 766 2636 822 2717; x_wconf 67' lang='lat' dir='ltr'>Sed</span> <span class='ocrx_word' id='word_1_197' title='bbox 839 2636 890 2691; x_wconf 73' lang='lat' dir='ltr'>hiis</span> <span class='ocrx_word' id='word_1_198' title='bbox 908 2636 1038 2706; x_wconf 77' lang='lat' dir='ltr'>tabellas,</span> <span class='ocrx_word' id='word_1_199' title='bbox 1057 2639 1237 2713; x_wconf 69' lang='lat' dir='ltr'>Paegnium</span> 
     </span>
    </p>
   </div>
   <div class='ocr_carea' id='block_1_10' title="bbox 156 2742 1336 3169">
    <p class='ocr_par' dir='ltr' id='par_1_11' title="bbox 156 2742 1336 3169">
     <span class='ocr_line' id='line_1_24' title="bbox 156 2742 1308 2813; baseline 0.008 -15"><span class='ocrx_word' id='word_1_200' title='bbox 156 2762 221 2799; x_wconf 90' lang='lat' dir='ltr'>nam</span> <span class='ocrx_word' id='word_1_201' title='bbox 241 2761 275 2798; x_wconf 90' lang='lat' dir='ltr'>ne</span> <span class='ocrx_word' id='word_1_202' title='bbox 294 2744 347 2799; x_wconf 91' lang='lat' dir='ltr'>hoc</span> <span class='ocrx_word' id='word_1_203' title='bbox 366 2743 479 2813; x_wconf 88' lang='lat' dir='ltr'>quidem</span> <span class='ocrx_word' id='word_1_204' title='bbox 496 2743 616 2799; x_wconf 89' lang='lat' dir='ltr'>nimium</span> <span class='ocrx_word' id='word_1_205' title='bbox 634 2742 725 2798; x_wconf 83' lang='lat' dir='ltr'>visum</span> <span class='ocrx_word' id='word_1_206' title='bbox 743 2743 948 2813; x_wconf 86' lang='lat' dir='ltr'>Kampmanno.</span> <span class='ocrx_word' id='word_1_207' title='bbox 985 2743 1036 2798; x_wconf 82' lang='lat' dir='ltr'>Oui</span> <span class='ocrx_word' id='word_1_208' title='bbox 1055 2763 1157 2804; x_wconf 83' lang='lat' dir='ltr'>rursus</span> <span class='ocrx_word' id='word_1_209' title='bbox 1176 2750 1248 2806; x_wconf 86' lang='lat' dir='ltr'>illud</span> <span class='ocrx_word' id='word_1_210' title='bbox 1267 2766 1308 2806; x_wconf 80' lang='lat' dir='ltr'>to-</span> 
     </span>
     <span class='ocr_line' id='line_1_25' title="bbox 157 2829 1305 2905; baseline 0.006 -16"><span class='ocrx_word' id='word_1_211' title='bbox 157 2851 244 2905; x_wconf 89' lang='lat' dir='ltr'>pono:</span> <span class='ocrx_word' id='word_1_212' title='bbox 273 2834 327 2888; x_wconf 88' lang='lat' dir='ltr'>hoo</span> <span class='ocrx_word' id='word_1_213' title='bbox 347 2832 469 2900; x_wconf 84' lang='lat' dir='ltr'>silicet,</span> <span class='ocrx_word' id='word_1_214' title='bbox 493 2832 580 2886; x_wconf 89' lang='lat' dir='ltr'>licent</span> <span class='ocrx_word' id='word_1_215' title='bbox 598 2829 700 2886; x_wconf 90' lang='lat' dir='ltr'>omnia.</span> <span class='ocrx_word' id='word_1_216' title='bbox 737 2830 782 2883; x_wconf 84' lang='lat' dir='ltr'>Ad</span> <span class='ocrx_word' id='word_1_217' title='bbox 799 2830 870 2885; x_wconf 87' lang='lat' dir='ltr'>talia</span> <span class='ocrx_word' id='word_1_218' title='bbox 887 2832 982 2886; x_wconf 89' lang='lat' dir='ltr'>autem</span> <span class='ocrx_word' id='word_1_219' title='bbox 1001 2832 1192 2905; x_wconf 73' lang='lat' dir='ltr'>occalluisse,</span> <span class='ocrx_word' id='word_1_220' title='bbox 1211 2838 1305 2895; x_wconf 81' lang='lat' dir='ltr'>hocine</span> 
     </span>
     <span class='ocr_line' id='line_1_26' title="bbox 157 2919 1336 2997; baseline 0.008 -19"><span class='ocrx_word' id='word_1_221' title='bbox 157 2940 223 2979; x_wconf 88' lang='lat' dir='ltr'>vero</span> <span class='ocrx_word' id='word_1_222' title='bbox 251 2924 294 2977; x_wconf 87' lang='lat' dir='ltr'>eet</span> <span class='ocrx_word' id='word_1_223' title='bbox 321 2922 474 2990; x_wconf 75' lang='grc' dir='ltr'>εοφίῑεεθαι</span> <span class='ocrx_word' id='word_1_224' title='bbox 494 2922 522 2975; x_wconf 85' lang='lat' dir='ltr'>ot</span> <span class='ocrx_word' id='word_1_225' title='bbox 540 2919 812 2988; x_wconf 72' lang='lat' dir='ltr'>ortopovtplleceoir</span> <span class='ocrx_word' id='word_1_226' title='bbox 850 2919 934 2985; x_wconf 76' lang='lat' dir='ltr'>Quasi</span> <span class='ocrx_word' id='word_1_227' title='bbox 959 2937 1026 2976; x_wconf 84' lang='lat' dir='ltr'>vero</span> <span class='ocrx_word' id='word_1_228' title='bbox 1050 2939 1112 2978; x_wconf 91' lang='lat' dir='ltr'>non</span> <span class='ocrx_word' id='word_1_229' title='bbox 1137 2925 1306 2997; x_wconf 80' lang='lat' dir='ltr'>aliquotiens</span> <span class='ocrx_word' id='word_1_230' title='bbox 1332 2948 1336 2953; x_wconf 92' lang='lat'>·</span> 
     </span>
     <span class='ocr_line' id='line_1_27' title="bbox 157 3006 1334 3089; baseline 0.008 -23"><span class='ocrx_word' id='word_1_231' title='bbox 157 3012 271 3067; x_wconf 82' lang='lat' dir='ltr'>tabellae</span> <span class='ocrx_word' id='word_1_232' title='bbox 295 3013 324 3065; x_wconf 91' lang='lat' dir='ltr'>et</span> <span class='ocrx_word' id='word_1_233' title='bbox 345 3010 455 3064; x_wconf 77' lang='lat' dir='ltr'>tabulae</span> <span class='ocrx_word' id='word_1_234' title='bbox 477 3008 629 3063; x_wconf 80' lang='lat' dir='ltr'>formarum</span> <span class='ocrx_word' id='word_1_235' title='bbox 652 3006 822 3077; x_wconf 87' lang='lat' dir='ltr'>permutatio</span> <span class='ocrx_word' id='word_1_236' title='bbox 847 3006 991 3065; x_wconf 87' lang='lat' dir='ltr'>Plautinos</span> <span class='ocrx_word' id='word_1_237' title='bbox 1014 3027 1115 3068; x_wconf 84' lang='lat' dir='ltr'>versos</span> <span class='ocrx_word' id='word_1_238' title='bbox 1144 3016 1307 3089; x_wconf 64' lang='lat' dir='ltr'>corruperit,</span> <span class='ocrx_word' id='word_1_239' title='bbox 1330 3056 1334 3063; x_wconf 89' lang='lat'>·</span> 
     </span>
     <span class='ocr_line' id='line_1_28' title="bbox 158 3095 1220 3169; baseline 0.006 -13"><span class='ocrx_word' id='word_1_240' title='bbox 158 3101 211 3156; x_wconf 86' lang='lat' dir='ltr'>hae</span> <span class='ocrx_word' id='word_1_241' title='bbox 229 3101 324 3155; x_wconf 87' lang='lat' dir='ltr'>autem</span> <span class='ocrx_word' id='word_1_242' title='bbox 342 3098 404 3169; x_wconf 86' lang='lat' dir='ltr'>ipsa</span> <span class='ocrx_word' id='word_1_243' title='bbox 423 3097 492 3150; x_wconf 90' lang='lat' dir='ltr'>duce</span> <span class='ocrx_word' id='word_1_244' title='bbox 510 3095 560 3150; x_wconf 92' lang='lat' dir='ltr'>ille</span> <span class='ocrx_word' id='word_1_245' title='bbox 578 3112 688 3166; x_wconf 89' lang='lat' dir='ltr'>quoqne</span> <span class='ocrx_word' id='word_1_246' title='bbox 706 3095 843 3151; x_wconf 80' lang='lat' dir='ltr'>facillima</span> <span class='ocrx_word' id='word_1_247' title='bbox 861 3113 947 3167; x_wconf 85' lang='lat' dir='ltr'>opera</span> <span class='ocrx_word' id='word_1_248' title='bbox 964 3098 1005 3154; x_wconf 86' lang='lat' dir='ltr'>sic</span> <span class='ocrx_word' id='word_1_249' title='bbox 1024 3103 1220 3161; x_wconf 86' lang='lat' dir='ltr'>emaculetur:</span> 
     </span>
    </p>
   </div>
   <div class='ocr_carea' id='block_1_11' title="bbox 159 3201 1335 3379">
    <p class='ocr_par' dir='ltr' id='par_1_12' title="bbox 159 3201 1335 3379">
     <span class='ocr_line' id='line_1_29' title="bbox 230 3201 1335 3282; baseline -0.002 -20"><span class='ocrx_word' id='word_1_250' title='bbox 230 3202 284 3262; x_wconf 76' lang='lat' dir='ltr'>ribi</span> <span class='ocrx_word' id='word_1_251' title='bbox 302 3204 393 3259; x_wconf 91' lang='lat' dir='ltr'>modo.</span> <span class='ocrx_word' id='word_1_252' title='bbox 430 3203 490 3273; x_wconf 82' lang='lat' dir='ltr'>Ego</span> <span class='ocrx_word' id='word_1_253' title='bbox 509 3201 636 3256; x_wconf 74' lang='lat' dir='ltr'>laudetis</span> <span class='ocrx_word' id='word_1_254' title='bbox 655 3201 728 3257; x_wconf 81' lang='lat' dir='ltr'>faxo.</span> <span class='ocrx_word' id='word_1_255' title='bbox 767 3203 822 3257; x_wconf 71' lang='lat' dir='ltr'>Sed</span> <span class='ocrx_word' id='word_1_256' title='bbox 840 3206 871 3259; x_wconf 92' lang='lat' dir='ltr'>tu</span> <span class='ocrx_word' id='word_1_257' title='bbox 890 3204 941 3260; x_wconf 87' lang='lat' dir='ltr'>has</span> <span class='ocrx_word' id='word_1_258' title='bbox 959 3206 1080 3276; x_wconf 83' lang='lat' dir='ltr'>tabulas,</span> <span class='ocrx_word' id='word_1_259' title='bbox 1101 3208 1273 3282; x_wconf 73' lang='lat' dir='ltr'>Paegnium:</span> <span class='ocrx_word' id='word_1_260' title='bbox 1331 3224 1335 3229; x_wconf 94' lang='lat'>·</span> 
     </span>
     <span class='ocr_line' id='line_1_30' title="bbox 159 3311 495 3379; baseline -0.015 -12"><span class='ocrx_word' id='word_1_261' title='bbox 159 3312 223 3368; x_wconf 89' lang='lat' dir='ltr'>coll.</span> <span class='ocrx_word' id='word_1_262' title='bbox 242 3311 319 3367; x_wconf 81' lang='lat' dir='ltr'>Coro.</span> <span class='ocrx_word' id='word_1_263' title='bbox 339 3311 385 3379; x_wconf 87' lang='lat' dir='ltr'>IV,</span> <span class='ocrx_word' id='word_1_264' title='bbox 404 3316 430 3379; x_wconf 84' lang='lat'>3,</span> <span class='ocrx_word' id='word_1_265' title='bbox 450 3315 495 3363; x_wconf 86' lang='lat'>13:</span> 
     </span>
    </p>
   </div>
   <div class='ocr_carea' id='block_1_12' title="bbox 229 3415 1144 3576">
    <p class='ocr_par' dir='ltr' id='par_1_13' title="bbox 229 3415 1144 3576">
     <span class='ocr_line' id='line_1_31' title="bbox 231 3415 1053 3486; baseline 0 -14"><span class='ocrx_word' id='word_1_266' title='bbox 231 3416 285 3484; x_wconf 83' lang='lat' dir='ltr'>Qui</span> <span class='ocrx_word' id='word_1_267' title='bbox 303 3418 354 3472; x_wconf 77' lang='lat' dir='ltr'>hes</span> <span class='ocrx_word' id='word_1_268' title='bbox 373 3417 494 3472; x_wconf 85' lang='lat' dir='ltr'>tabellae</span> <span class='ocrx_word' id='word_1_269' title='bbox 513 3415 675 3486; x_wconf 80' lang='lat' dir='ltr'>obsignatae</span> <span class='ocrx_word' id='word_1_270' title='bbox 696 3416 800 3471; x_wconf 75' lang='lat' dir='ltr'>attulit</span> <span class='ocrx_word' id='word_1_271' title='bbox 840 3415 914 3481; x_wconf 86' lang='lat' dir='ltr'>Quas</span> <span class='ocrx_word' id='word_1_272' title='bbox 932 3418 963 3471; x_wconf 79' lang='lat' dir='ltr'>tri</span> <span class='ocrx_word' id='word_1_273' title='bbox 982 3417 1053 3472; x_wconf 91' lang='lat' dir='ltr'>mihi</span> 
     </span>
     <span class='ocr_line' id='line_1_32' title="bbox 229 3505 1144 3576; baseline 0.004 -13"><span class='ocrx_word' id='word_1_274' title='bbox 229 3508 360 3576; x_wconf 76' lang='lat' dir='ltr'>Tibulae,</span> <span class='ocrx_word' id='word_1_275' title='bbox 379 3523 448 3576; x_wconf 89' lang='lat' dir='ltr'>quoe</span> <span class='ocrx_word' id='word_1_276' title='bbox 468 3506 560 3560; x_wconf 79' lang='lat' dir='ltr'>luscos</span> <span class='ocrx_word' id='word_1_277' title='bbox 578 3506 703 3573; x_wconf 83' lang='lat' dir='ltr'>libertos,</span> <span class='ocrx_word' id='word_1_278' title='bbox 722 3508 793 3574; x_wconf 80' lang='lat' dir='ltr'>quos</span> <span class='ocrx_word' id='word_1_279' title='bbox 812 3505 977 3562; x_wconf 76' lang='lat' dir='ltr'>Summanos</span> <span class='ocrx_word' id='word_1_280' title='bbox 995 3508 1144 3566; x_wconf 79' lang='lat' dir='ltr'>somnias?</span> 
     </span>
    </p>
   </div>
   <div class='ocr_carea' id='block_1_13' title="bbox 40 3611 1334 4311">
    <p class='ocr_par' dir='ltr' id='par_1_14' title="bbox 40 3611 1334 4311">
     <span class='ocr_line' id='line_1_33' title="bbox 158 3611 1334 3683; baseline 0.006 -11"><span class='ocrx_word' id='word_1_281' title='bbox 158 3617 198 3672; x_wconf 85' lang='lat' dir='ltr'>sio</span> <span class='ocrx_word' id='word_1_282' title='bbox 222 3615 295 3671; x_wconf 90' lang='lat' dir='ltr'>enim</span> <span class='ocrx_word' id='word_1_283' title='bbox 315 3616 386 3670; x_wconf 87' lang='lat' dir='ltr'>haec</span> <span class='ocrx_word' id='word_1_284' title='bbox 405 3613 453 3668; x_wconf 91' lang='lat' dir='ltr'>din</span> <span class='ocrx_word' id='word_1_285' title='bbox 472 3616 515 3668; x_wconf 93' lang='lat' dir='ltr'>est</span> <span class='ocrx_word' id='word_1_286' title='bbox 534 3629 597 3667; x_wconf 90' lang='lat' dir='ltr'>com</span> <span class='ocrx_word' id='word_1_287' title='bbox 616 3611 770 3667; x_wconf 84' lang='lat' dir='ltr'>emendavi.</span> <span class='ocrx_word' id='word_1_288' title='bbox 808 3613 952 3669; x_wconf 88' lang='lat' dir='ltr'>Postremo</span> <span class='ocrx_word' id='word_1_289' title='bbox 971 3614 1039 3683; x_wconf 91' lang='lat' dir='ltr'>quid</span> <span class='ocrx_word' id='word_1_290' title='bbox 1058 3632 1122 3674; x_wconf 83' lang='lat' dir='ltr'>asse</span> <span class='ocrx_word' id='word_1_291' title='bbox 1141 3618 1216 3677; x_wconf 88' lang='lat' dir='ltr'>illud</span> <span class='ocrx_word' id='word_1_292' title='bbox 1233 3622 1305 3679; x_wconf 70' lang='lat' dir='ltr'>dica·</span> <span class='ocrx_word' id='word_1_293' title='bbox 1330 3650 1334 3657; x_wconf 93' lang='lat'>·</span> 
     </span>
     <span class='ocr_line' id='line_1_34' title="bbox 158 3700 1307 3776; baseline -0.004 -15"><span class='ocrx_word' id='word_1_294' title='bbox 158 3725 231 3771; x_wconf 85' lang='lat' dir='ltr'>mus,</span> <span class='ocrx_word' id='word_1_295' title='bbox 254 3705 330 3776; x_wconf 87' lang='lat' dir='ltr'>quod</span> <span class='ocrx_word' id='word_1_296' title='bbox 353 3702 499 3774; x_wconf 80' lang='lat' dir='ltr'>neglectae</span> <span class='ocrx_word' id='word_1_297' title='bbox 518 3700 667 3771; x_wconf 79' lang='lat' dir='ltr'>positionis</span> <span class='ocrx_word' id='word_1_298' title='bbox 686 3701 845 3770; x_wconf 83' lang='lat' dir='ltr'>exemplum</span> <span class='ocrx_word' id='word_1_299' title='bbox 863 3702 1075 3773; x_wconf 81' lang='lat' dir='ltr'>Kampmaonue</span> <span class='ocrx_word' id='word_1_300' title='bbox 1094 3707 1154 3764; x_wconf 87' lang='lat' dir='ltr'>sibi</span> <span class='ocrx_word' id='word_1_301' title='bbox 1172 3710 1251 3766; x_wconf 72' lang='lat' dir='ltr'>vim</span> <span class='ocrx_word' id='word_1_302' title='bbox 1267 3712 1307 3767; x_wconf 51' lang='grc' dir='ltr'>ω</span> 
     </span>
     <span class='ocr_line' id='line_1_35' title="bbox 40 3774 1306 3865; baseline -0.007 -14"><span class='ocrx_word' id='word_1_303' title='bbox 40 3774 52 3785; x_wconf 73' lang='lat'><em>‚</em></span> <span class='ocrx_word' id='word_1_304' title='bbox 158 3796 244 3850; x_wconf 88' lang='lat' dir='ltr'>ctiam</span> <span class='ocrx_word' id='word_1_305' title='bbox 263 3795 343 3865; x_wconf 89' lang='lat' dir='ltr'>Capt.</span> <span class='ocrx_word' id='word_1_306' title='bbox 363 3795 396 3861; x_wconf 87' lang='grc' dir='ltr'>ΙΙ,</span> <span class='ocrx_word' id='word_1_307' title='bbox 416 3800 440 3861; x_wconf 79' lang='lat'>2,</span> <span class='ocrx_word' id='word_1_308' title='bbox 460 3797 494 3846; x_wconf 84' lang='lat'>84</span> <span class='ocrx_word' id='word_1_309' title='bbox 513 3788 733 3860; x_wconf 81' lang='lat' dir='ltr'>deprehendere,</span> <span class='ocrx_word' id='word_1_310' title='bbox 752 3791 800 3858; x_wconf 91' lang='lat' dir='ltr'>qui</span> <span class='ocrx_word' id='word_1_311' title='bbox 819 3807 914 3846; x_wconf 84' lang='lat' dir='ltr'>versuo</span> <span class='ocrx_word' id='word_1_312' title='bbox 932 3790 969 3844; x_wconf 86' lang='lat' dir='ltr'>ab</span> <span class='ocrx_word' id='word_1_313' title='bbox 988 3791 1043 3846; x_wconf 68' lang='lat' dir='ltr'>Sed</span> <span class='ocrx_word' id='word_1_314' title='bbox 1061 3794 1088 3848; x_wconf 78' lang='lat' dir='ltr'>io</span> <span class='ocrx_word' id='word_1_315' title='bbox 1103 3799 1254 3865; x_wconf 60' lang='lat' dir='ltr'>priuata„</span> <span class='ocrx_word' id='word_1_316' title='bbox 1270 3798 1306 3853; x_wconf 62' lang='lat' dir='ltr'>in.</span> 
     </span>
     <span class='ocr_line' id='line_1_36' title="bbox 158 3878 1303 3959; baseline 0.004 -20"><span class='ocrx_word' id='word_1_317' title='bbox 158 3883 228 3954; x_wconf 86' lang='lat' dir='ltr'>cipit</span> <span class='ocrx_word' id='word_1_318' title='bbox 245 3882 337 3954; x_wconf 87' lang='lat' dir='ltr'>(qnasi</span> <span class='ocrx_word' id='word_1_319' title='bbox 356 3882 379 3936; x_wconf 91' lang='lat' dir='ltr'>si</span> <span class='ocrx_word' id='word_1_320' title='bbox 398 3897 449 3936; x_wconf 89' lang='lat' dir='ltr'>nos</span> <span class='ocrx_word' id='word_1_321' title='bbox 467 3880 601 3949; x_wconf 75' lang='lat' dir='ltr'>ar&#39;puidem</span> <span class='ocrx_word' id='word_1_322' title='bbox 618 3880 643 3931; x_wconf 78' lang='lat' dir='ltr'>is</span> <span class='ocrx_word' id='word_1_323' title='bbox 661 3878 718 3931; x_wconf 62' lang='grc' dir='ltr'>κόνι</span> <span class='ocrx_word' id='word_1_324' title='bbox 735 3894 796 3932; x_wconf 83' lang='lat' dir='ltr'>eum</span> <span class='ocrx_word' id='word_1_325' title='bbox 814 3880 919 3958; x_wconf 60' lang='lat' dir='ltr'>eTrin.</span> <span class='ocrx_word' id='word_1_326' title='bbox 930 3886 982 3935; x_wconf 82' lang='grc'>978</span> <span class='ocrx_word' id='word_1_327' title='bbox 1001 3884 1137 3940; x_wconf 83' lang='lat' dir='ltr'>notemus</span> <span class='ocrx_word' id='word_1_328' title='bbox 1152 3889 1186 3942; x_wconf 86' lang='lat' dir='ltr'>ut</span> <span class='ocrx_word' id='word_1_329' title='bbox 1199 3885 1303 3959; x_wconf 73' lang='lat' dir='ltr'>aliquit</span> 
     </span>
     <span class='ocr_line' id='line_1_37' title="bbox 158 3965 1305 4046; baseline -0.007 -18"><span class='ocrx_word' id='word_1_330' title='bbox 158 3973 285 4028; x_wconf 82' lang='lat' dir='ltr'>inusitati</span> <span class='ocrx_word' id='word_1_331' title='bbox 299 3972 433 4039; x_wconf 56' lang='lat' dir='ltr'>haband?</span> <span class='ocrx_word' id='word_1_332' title='bbox 452 3969 576 4037; x_wconf 87' lang='lat' dir='ltr'>itemque</span> <span class='ocrx_word' id='word_1_333' title='bbox 590 3966 624 4035; x_wconf 78' lang='grc' dir='ltr'>ΙΙ,</span> <span class='ocrx_word' id='word_1_334' title='bbox 635 3973 660 4034; x_wconf 85' lang='grc'>3,</span> <span class='ocrx_word' id='word_1_335' title='bbox 671 3973 704 4020; x_wconf 89' lang='grc'>66</span> <span class='ocrx_word' id='word_1_336' title='bbox 723 3965 805 4022; x_wconf 86' lang='lat' dir='ltr'>initio</span> <span class='ocrx_word' id='word_1_337' title='bbox 824 3968 864 4022; x_wconf 86' lang='lat' dir='ltr'>Id</span> <span class='ocrx_word' id='word_1_338' title='bbox 881 3965 913 4022; x_wconf 73' lang='lat' dir='ltr'>tt</span> <span class='ocrx_word' id='word_1_339' title='bbox 931 3971 1004 4024; x_wconf 78' lang='lat' dir='ltr'>acido</span> <span class='ocrx_word' id='word_1_340' title='bbox 1024 3971 1126 4028; x_wconf 81' lang='lat' dir='ltr'>Ioue&#39;m</span> <span class='ocrx_word' id='word_1_341' title='bbox 1144 3991 1305 4046; x_wconf 58' lang='lat' dir='ltr'>myram,</span> 
     </span>
     <span class='ocr_line' id='line_1_38' title="bbox 158 4037 1305 4131; baseline -0.005 -13"><span class='ocrx_word' id='word_1_342' title='bbox 158 4063 232 4131; x_wconf 87' lang='lat' dir='ltr'>qood</span> <span class='ocrx_word' id='word_1_343' title='bbox 251 4079 308 4117; x_wconf 91' lang='lat' dir='ltr'>non</span> <span class='ocrx_word' id='word_1_344' title='bbox 326 4063 368 4116; x_wconf 86' lang='lat' dir='ltr'>est</span> <span class='ocrx_word' id='word_1_345' title='bbox 385 4058 463 4114; x_wconf 88' lang='lat' dir='ltr'>laudi</span> <span class='ocrx_word' id='word_1_346' title='bbox 481 4056 575 4127; x_wconf 89' lang='lat' dir='ltr'>potius</span> <span class='ocrx_word' id='word_1_347' title='bbox 593 4055 623 4110; x_wconf 91' lang='lat' dir='ltr'>in</span> <span class='ocrx_word' id='word_1_348' title='bbox 643 4037 680 4109; x_wconf 73' lang='lat' dir='ltr'>id</span> <span class='ocrx_word' id='word_1_349' title='bbox 699 4059 742 4109; x_wconf 75' lang='lat' dir='ltr'>ori</span> <span class='ocrx_word' id='word_1_350' title='bbox 759 4059 831 4112; x_wconf 79' lang='lat' dir='ltr'>aciae</span> <span class='ocrx_word' id='word_1_351' title='bbox 849 4060 982 4127; x_wconf 86' lang='lat' dir='ltr'>mutasse,</span> <span class='ocrx_word' id='word_1_352' title='bbox 1001 4077 1088 4129; x_wconf 86' lang='lat' dir='ltr'>quam</span> <span class='ocrx_word' id='word_1_353' title='bbox 1108 4080 1168 4120; x_wconf 81' lang='lat' dir='ltr'>non</span> <span class='ocrx_word' id='word_1_354' title='bbox 1186 4068 1305 4121; x_wconf 60' lang='lat' dir='ltr'>mum</span> 
     </span>
     <span class='ocr_line' id='line_1_39' title="bbox 159 4144 1302 4224; baseline 0.002 -17"><span class='ocrx_word' id='word_1_355' title='bbox 159 4150 317 4222; x_wconf 89' lang='lat' dir='ltr'>opprobrio.</span> <span class='ocrx_word' id='word_1_356' title='bbox 335 4182 365 4190; x_wconf 96' lang='lat'><em>-</em></span> <span class='ocrx_word' id='word_1_357' title='bbox 387 4149 463 4202; x_wconf 86' lang='lat' dir='ltr'>Haec</span> <span class='ocrx_word' id='word_1_358' title='bbox 482 4149 574 4201; x_wconf 87' lang='lat' dir='ltr'>autem</span> <span class='ocrx_word' id='word_1_359' title='bbox 594 4146 667 4212; x_wconf 87' lang='lat' dir='ltr'>sunt,</span> <span class='ocrx_word' id='word_1_360' title='bbox 686 4144 710 4198; x_wconf 85' lang='lat' dir='ltr'>ei</span> <span class='ocrx_word' id='word_1_361' title='bbox 729 4147 805 4200; x_wconf 87' lang='lat' dir='ltr'>recte</span> <span class='ocrx_word' id='word_1_362' title='bbox 824 4163 873 4201; x_wconf 87' lang='lat' dir='ltr'>seu</span> <span class='ocrx_word' id='word_1_363' title='bbox 891 4162 1023 4216; x_wconf 84' lang='lat' dir='ltr'>pervorse</span> <span class='ocrx_word' id='word_1_364' title='bbox 1042 4149 1137 4206; x_wconf 79' lang='lat' dir='ltr'>allata</span> <span class='ocrx_word' id='word_1_365' title='bbox 1155 4157 1231 4224; x_wconf 65' lang='lat' dir='ltr'>sunl,</span> <span class='ocrx_word' id='word_1_366' title='bbox 1249 4153 1302 4224; x_wconf 82' lang='lat' dir='ltr'>qni·</span> 
     </span>
     <span class='ocr_line' id='line_1_40' title="bbox 158 4232 1303 4311; baseline 0.003 -17"><span class='ocrx_word' id='word_1_367' title='bbox 158 4241 210 4294; x_wconf 87' lang='lat' dir='ltr'>bue</span> <span class='ocrx_word' id='word_1_368' title='bbox 237 4240 383 4311; x_wconf 83' lang='lat' dir='ltr'>neglectae</span> <span class='ocrx_word' id='word_1_369' title='bbox 411 4234 558 4306; x_wconf 79' lang='lat' dir='ltr'>positionis</span> <span class='ocrx_word' id='word_1_370' title='bbox 584 4232 728 4288; x_wconf 85' lang='lat' dir='ltr'>licentiam</span> <span class='ocrx_word' id='word_1_371' title='bbox 751 4233 852 4290; x_wconf 88' lang='lat' dir='ltr'>Plauto</span> <span class='ocrx_word' id='word_1_372' title='bbox 878 4236 946 4290; x_wconf 84' lang='lat' dir='ltr'>satis</span> <span class='ocrx_word' id='word_1_373' title='bbox 973 4253 1035 4292; x_wconf 82' lang='lat' dir='ltr'>asse</span> <span class='ocrx_word' id='word_1_374' title='bbox 1058 4238 1237 4299; x_wconf 75' lang='lat' dir='ltr'>vindicatam</span> <span class='ocrx_word' id='word_1_375' title='bbox 1259 4242 1303 4297; x_wconf 81' lang='lat' dir='ltr'>ille</span> 
     </span>
    </p>
   </div>
   <div class='ocr_carea' id='block_1_14' title="bbox 159 4330 581 4487">
    <p class='ocr_par' dir='ltr' id='par_1_15' title="bbox 159 4330 581 4487">
     <span class='ocr_line' id='line_1_41' title="bbox 159 4330 273 4384; baseline 0 -1"><span class='ocrx_word' id='word_1_376' title='bbox 159 4330 273 4384; x_wconf 87' lang='lat' dir='ltr'>censuit</span> 
     </span>
     <span class='ocr_line' id='line_1_42' title="bbox 247 4413 581 4487; baseline -0.003 -18"><span class='ocrx_word' id='word_1_377' title='bbox 247 4417 271 4484; x_wconf 66' lang='lat' dir='ltr'>*J</span> <span class='ocrx_word' id='word_1_378' title='bbox 292 4416 345 4487; x_wconf 79' lang='lat' dir='ltr'><strong>[Cf.</strong></span> <span class='ocrx_word' id='word_1_379' title='bbox 365 4416 457 4472; x_wconf 66' lang='lat' dir='ltr'>Trio.²</span> <span class='ocrx_word' id='word_1_380' title='bbox 475 4413 581 4485; x_wconf 79' lang='lat' dir='ltr'>annot]</span> 
     </span>
    </p>
   </div>
   <div class='ocr_carea' id='block_1_15' title="bbox 0 0 1478 5040">
    <p class='ocr_par' dir='ltr' id='par_1_16' title="bbox 0 0 1478 5040">
     <span class='ocr_line' id='line_1_43' title="bbox 0 0 1478 5040; baseline 0 0"><span class='ocrx_word' id='word_1_381' title='bbox 0 0 1478 5040; x_wconf 95' lang='lat' dir='ltr'> </span> 
     </span>
    </p>
   </div>
  </div>
 </body>
</html>
