2962 5032
156 240 199 302 64
475 256 558 303 verr
581 256 731 302 u'aanaa
754 256 817 303 aas
840 254 983 303 uocaus

488 465 689 522 EPISTOLAE
709 468 786 522 VlTl
805 466 971 521 BERLERI.

717 601 740 647 l.

198 696 250 764 (De
268 697 403 752 Italorum
421 698 544 769 ingeniis
562 703 592 754 et
609 700 709 754 studiis
731 717 765 754 ae
783 698 933 769 praecipue
952 698 986 752 de
1006 697 1086 767 Bapt
1106 695 1258 766 Egnatio.)

104 824 144 863 ast
231 805 257 860 S.
269 805 301 858 Ι).
328 805 468 870 Quantam
487 806 627 861 laetitiam
646 807 690 860 vel
709 806 803 875 potins
821 806 998 874 voluptatem
1016 804 1127 858 litterae
1146 805 1220 858 mihi
1240 806 1310 860 tuae

158 893 312 963 attulerint,
335 894 474 949 Bilibalde
493 897 536 950 vir
559 895 720 962 clarissime,
738 895 843 949 tacitns
862 910 971 948 mecum
991 891 1084 962 cogito
1104 893 1198 963 potius
1219 911 1310 964 qnam

158 986 190 1036 ut
208 981 347 1052 scripturo
366 984 437 1038 mihi
455 984 541 1038 verba
558 1001 631 1037 nunc
651 982 838 1043 succederent.
870 983 907 1037 Es
925 985 956 1037 tu
975 982 1060 1037 homo
1078 985 1155 1037 certe
1173 983 1309 1037 humani·

157 1075 217 1128 tate
235 1072 342 1126 nemini
360 1073 505 1140 secundus,
524 1073 600 1141 qnod
618 1073 654 1127 ad
674 1089 727 1141 me,
745 1072 813 1126 licet
830 1072 915 1142 longo
933 1072 1058 1126 locorum
1077 1071 1170 1142 spatio
1189 1089 1310 1141 separa-

158 1164 232 1229 tum,
256 1159 487 1229 occupatissimus
511 1161 571 1232 ipsc
590 1163 747 1216 litterarum
766 1161 873 1229 aliquid
892 1161 957 1215 dare
976 1178 1032 1215 non
1050 1159 1253 1245 intermiseris,
1277 1164 1311 1215 et

158 1246 208 1303 ita¹
218 1253 346 1303 amanter
363 1251 392 1304 tc
410 1250 481 1304 mibi
498 1267 593 1304 rursus
612 1249 811 1316 insinuaveris,
830 1253 862 1303 ut
878 1250 950 1303 nihil
968 1249 1005 1304 ad
1022 1241 1238 1304 benevdlentiae
1258 1266 1308 1303 cu-

159 1339 265 1392 mulum
289 1339 354 1392 addi
377 1356 459 1408 posse
483 1339 681 1394 contenderim.
720 1339 808 1405 Quas,
828 1338 978 1405 Bilibalde,
1002 1337 1055 1392 tibi
1072 1339 1153 1393 tanto
1172 1355 1226 1407 pro
1246 1356 1308 1392 mu·

158 1444 224 1481 nere
242 1430 345 1497 grates,
359 1429 369 1497 ss
382 1444 452 1496 quae
472 1427 586 1482 reddam
604 1426 711 1482 meritis
730 1444 854 1498 congrua
868 1427 942 1482 dona
958 1426 1033 1481 tuis?
1051 1426 1094 1481 De
1107 1427 1245 1483 Italorum
1264 1428 1308 1482 in·

159 1516 249 1586 geniis
267 1535 323 1572 non
341 1516 448 1571 inficias
467 1532 510 1583 eo,
529 1516 596 1583 quin
615 1516 666 1570 illa
684 1517 741 1570 sint
758 1519 859 1586 vegeta
877 1517 907 1570 et
919 1515 1103 1585 ingenuarum
1118 1517 1221 1570 nrtinm
1237 1516 1309 1571 satis

161 1607 310 1674 foecunda3
336 1624 392 1661 non
410 1608 504 1660 tamen
523 1621 610 1673 usque
629 1605 699 1660 adeo
718 1605 748 1659 in
765 1622 799 1660 ea
817 1621 846 1660 re
865 1604 935 1659 mihi
954 1603 1090 1660 excellere
1110 1604 1256 1675 videntur,
1274 1607 1310 1659 nt

160 1694 317 1764 complures
336 1712 370 1750 ex
387 1693 558 1748 nostratibus
577 1712 633 1749 non
651 1695 740 1748 solum
759 1713 816 1749 non
835 1711 954 1765 aequare
969 1693 1108 1749 Latialem
1126 1694 1206 1748 illam
1226 1711 1307 1748 men·

160 1784 197 1838 tis
216 1783 411 1851 acrimoniam,
440 1783 488 1837 sed
508 1784 592 1837 ctiam
613 1784 698 1854 longo
717 1787 781 1855 post
798 1801 826 1839 se
846 1785 995 1840 intervallo
1014 1785 1171 1854 relinquero
1190 1782 1309 1838 videan-

159 1877 212 1926 tur.
249 1872 447 1941 Peregrinatus
471 1890 532 1925 sum
554 1871 589 1926 iis
612 1872 668 1926 iam
693 1873 807 1929 aestivis
831 1873 986 1928 studiorum
1005 1873 1199 1929 vacationibus
1218 1873 1308 1943 paulo

160 1962 288 2029 liberius,
317 1977 408 2015 mores
433 1961 577 2015 hominum
603 1964 632 2015 et
658 1963 738 2016 urbes
762 1962 877 2032 propius
902 1963 1076 2032 inspecturus
1102 1961 1308 2031 grammaticos

161 2050 308 2120 plerosque
327 2050 457 2116 salutavi,
477 2049 572 2104 audivi
590 2066 646 2104 non
666 2067 763 2119 parum
778 2051 890 2104 multos.
919 2050 975 2104 Sed
988 2050 1056 2120 quid
1069 2053 1148 2104 tum?
1167 2066 1203 2104 en
1217 2049 1308 2118 (quod

107 2154 147 2193 sss
161 2156 230 2209 paco
254 2139 371 2194 aliorum
394 2137 522 2207 dixerim)
546 2138 622 2192 solus
647 2138 775 2207 Baptista
792 2138 929 2207 Egnatius
957 2137 987 2192 in
1005 2137 1177 2192 Venetorum
1204 2137 1307 2193 floren·

161 2228 271 2282 tissima
288 2229 356 2283 urbe
375 2228 504 2282 inventus
524 2232 574 2295 est,
593 2229 641 2296 qui
658 2227 754 2297 graeci
772 2228 908 2296 latinique
926 2227 1062 2282 sermonis
1080 2227 1153 2281 mira
1170 2227 1307 2282 facundia

162 2317 275 2386 reliquis
303 2317 430 2371 omnibus
458 2317 541 2386 longe
566 2316 737 2386 praestabat
775 2317 867 2371 Ductu
889 2315 967 2370 illios
991 2333 1024 2370 sc
1051 2333 1136 2385 opera
1160 2316 1309 2372 rarissima

162 2422 288 2475 quaeque
312 2422 344 2459 sc
367 2405 428 2458 sisu
454 2404 619 2475 dignissima
642 2407 702 2460 toto
727 2406 875 2474 quatriduo
899 2405 958 2459 illic
977 2423 1038 2459 sum
1057 2404 1220 2474 diligentius
1240 2420 1307 2459 con-

162 2494 321 2564 templatus.
358 2495 437 2550 Fecit
464 2495 488 2548 is
516 2495 590 2550 inter
616 2495 785 2564 loquendum
812 2493 854 2548 tui
879 2494 991 2562 saepius
1014 2511 1098 2562 quam
1121 2493 1306 2548 honorificam

161 2583 332 2637 mentionem
360 2599 393 2637 ac
418 2585 532 2639 tandem
570 2603 635 2653 qum
672 2602 717 2639 me
746 2583 930 2638 discessurum
962 2582 1151 2651 pulcherrimo
1182 2582 1307 2650 quodam

162 2672 310 2726 chartaceo
336 2688 450 2725 munere
475 2673 551 2742 prius
577 2673 722 2740 donasset,
750 2671 779 2724 id
805 2671 902 2725 crebro
927 2669 1100 2725 inculcabat:
1133 2669 1306 2725 Bilibaldnm

162 2764 253 2827 tuum,
283 2759 369 2813 immo
388 2777 493 2828 meum,
522 2762 607 2816 immo
627 2764 765 2829 nostrum,
793 2760 833 2814 mi
852 2760 929 2828 Vite,
958 2776 1021 2813 meo
1039 2759 1151 2815 nomine
1169 2759 1307 2814 salutabis

162 2847 321 2916 plurimum.
350 2848 413 2902 Non
432 2851 527 2917 potest
545 2849 609 2915 dici,
627 2849 775 2916 sinbalde,
795 2866 879 2918 quam
898 2850 982 2904 homo
1001 2848 1050 2902 ille
1069 2848 1128 2903 sine
1146 2853 1305 2904 controver-

164 2936 206 2989 sia
224 2935 400 2990 doctissimus
419 2939 447 2990 te
462 2937 539 2990 eolat
552 2936 633 2992 unice
648 2939 831 3006 observetque
845 2942 1012 3007 reverenter,
1031 2938 1106 3007 quod
1120 2938 1183 2991 idco
1198 2938 1307 3008 scripsi,

164 3026 195 3076 ut
212 3023 384 3093 intelligeres
399 3024 576 3079 Germaniam
596 3030 720 3081 nostram
739 3027 832 3095 quoad
846 3028 924 3081 illam
944 3028 1118 3097 ingeniorum
1138 3027 1306 3080 beatitatem

162 3129 218 3165 non
236 3113 265 3165 in
284 3114 431 3180 postremis
449 3114 616 3169 collocatam
637 3132 704 3169 esse.
742 3117 821 3181 Quod
840 3117 876 3184 si,
895 3119 927 3169 ut
945 3115 1043 3170 scribis
1063 3116 1215 3183 vemssime,
1235 3114 1305 3170 Ger-

164 3201 253 3256 manis
279 3217 407 3267 munera,
434 3219 506 3270 quae
525 3203 616 3272 ltalis,
646 3204 681 3258 ob
700 3205 854 3259 doctrinam
874 3208 1105 3274 proponerentur;
1138 3204 1211 3273 (quis
1231 3203 1306 3258 enim

163 3291 296 3344 virtutem
320 3291 498 3359 amplectitur
522 3293 621 3362 ullam,
648 3293 772 3362 praemia
796 3294 819 3348 si
843 3295 957 3361 tollast)
983 3294 1108 3363 protinus
1131 3293 1226 3348 omnia
1249 3294 1306 3348 iam

164 3385 261 3434 essent
280 3380 357 3444 alba3
386 3380 434 3432 sed
459 3381 504 3434 bei
528 3398 578 3435 nos
603 3387 701 3436 ventus
726 3382 830 3452 pascit,
858 3384 1030 3451 pascentque
1050 3379 1145 3435 inania
1164 3383 1251 3436 verba
1269 3381 1307 3436 ob

164 3469 248 3537 idque
272 3469 344 3522 male
365 3485 427 3521 cnm
447 3468 578 3523 litteratis
597 3472 692 3540 agitur
710 3471 784 3524 viris.
822 3471 955 3525 Desertae
974 3478 1039 3524 sunt
1058 3469 1182 3540 patronis
1201 3471 1304 3525 Musae.

165 3556 218 3610 Vix
232 3575 301 3610 unus
317 3572 350 3609 ex
365 3555 529 3611 Germaniae
548 3558 721 3629 principibus
740 3559 838 3613 studiis
858 3560 906 3614 dat
925 3560 1009 3615 mollo
1025 3559 1111 3614 otium
1127 3559 1306 3627 animumque

164 3664 181 3698 a
199 3645 272 3699 curis
292 3645 418 3714 extricat,
437 3649 469 3699 ut
486 3647 557 3701 nibil
576 3648 610 3702 de
629 3649 719 3704 lodice
739 3648 863 3718 paranda
877 3649 1013 3703 attonitus
1027 3648 1133 3717 aliquid
1148 3648 1305 3716 amoliatur,

99 3795 106 3807 ⁰
164 3734 238 3802 quod
258 3735 376 3802 posteris
396 3753 505 3804 quoque
524 3736 645 3805 gratiam
665 3738 814 3793 conciliare
832 3739 928 3806 possit.
956 3737 1011 3792 Sed
1029 3735 1180 3806 prohibent
1197 3754 1243 3791 me
1262 3754 1305 3792 ce·

164 3825 224 3876 tera
243 3822 348 3877 Parcae
371 3823 480 3892 farique
506 3827 582 3879 vetat
601 3826 731 3881 Saturnia
750 3830 825 3882 luno.
865 3827 945 3892 Quod
963 3828 1039 3896 apud
1057 3843 1107 3881 vos
1125 3825 1236 3880 litterae
1255 3825 1306 3879 mi·

164 3931 224 3965 nrm
244 3913 271 3965 in
291 3912 402 3966 modum
422 3913 519 3967 florere
538 3914 687 3983 incipiant,
712 3915 820 3985 gaudeo
841 3916 981 3970 communi
1000 3915 1108 3986 patriae
1127 3931 1184 3969 non
1201 3914 1305 3968 medio·

113 4001 263 4068 securiter,
291 4001 516 4069 quandoquidem
536 4003 659 4057 futurum
678 4021 771 4073 spero,
800 4009 831 4060 ut
849 4009 969 4060 tremens
988 4006 1043 4058 iam
1063 4021 1150 4073 prope
1169 4020 1201 4057 ac
1221 4002 1306 4058 vacil-

166 4091 225 4143 lans
243 4090 386 4143 barbaries
406 4091 479 4144 intra
499 4091 582 4145 breve
601 4095 711 4162 tempus
730 4097 791 4148 tota
809 4095 939 4163 pellatur.
967 4093 1047 4158 Quod
1061 4097 1092 4146 ut
1106 4092 1164 4159 fiat,
1183 4091 1225 4146 tui
1240 4108 1306 4159 quo·

165 4195 218 4246 que
247 4180 367 4232 muneris
396 4180 459 4246 crit3
490 4179 601 4233 interim
625 4183 719 4233 sutem
743 4180 859 4234 Luciaui
882 4181 992 4235 libellos
1025 4198 1094 4249 quos
1123 4181 1245 4249 parturis
1275 4183 1307 4236 ut

165 4284 248 4334 quam
268 4267 387 4337 primum
407 4267 532 4334 enitaris,
553 4267 687 4322 Lucinam
707 4268 765 4337 ipse
785 4271 902 4338 supplex
920 4270 1070 4337 invocabo,
1091 4273 1122 4323 ut
1140 4287 1221 4339 opem
1242 4271 1307 4325 buic

166 4356 242 4425 operi
262 4357 448 4424 pulcherrimo
469 4360 552 4424 ferat,
576 4373 631 4424 quo
654 4357 674 4409 ii
699 4357 746 4425 qui
775 4359 964 4413 mansuetiora
982 4362 1125 4414 sectentur
1143 4357 1247 4426 studia,
1273 4375 1308 4413 ex
