2962 5032
167 327 231 390 714
391 342 625 392 narnnuscna
649 331 869 410 nuscuntur,
892 343 1085 410 annassau,

723 487 753 551 b.

255 628 486 694 Vniversitatis
517 628 711 693 Friderioiae
744 628 937 693 Guilelmiae
969 628 1146 693 Rhenanac
1163 627 1174 710 ΙΙ
1191 627 1325 694 Recta

165 739 199 799 et
213 733 351 800 Senatus
364 734 373 821 l,
391 734 533 799 Civibus,
551 736 562 818 ΙΙ
579 734 774 799 Meministis
791 758 888 819 quam
903 734 1038 800 insolita
1051 734 1181 799 licentia
1198 756 1238 796 m
1249 755 1323 801 ense

165 841 314 926 Augusto
341 842 438 906 huius
467 841 543 905 anni
567 863 639 905 cum
663 841 772 925 legum
796 842 984 906 auctoritati
1008 845 1078 905 tum
1103 863 1230 905 morum
1282 839 1321 908 ho

164 948 284 1011 nestati
308 971 327 1012 a
350 949 463 1013 multis
486 952 630 1012 vestrum
655 948 786 1012 illusum
810 949 867 1011 sit:
891 971 987 1032 quam
1007 948 1155 1012 effrenati
1178 970 1254 1031 per
1286 972 1319 1014 ur-

166 1054 215 1117 bis
247 1055 335 1119 vicos
367 1054 526 1119 tumultus
558 1055 708 1119 nocturni
742 1054 833 1119 editi:
871 1077 969 1138 quam
1003 1055 1166 1119 obstinate
1197 1053 1316 1123 detrita

166 1161 412 1244 magistratibus
444 1159 636 1225 academicis
666 1161 872 1226 oboedientia
899 1161 1033 1225 omissa:
1072 1165 1193 1245 quanta
1219 1167 1313 1244 petr-

164 1266 268 1331 lantia
300 1289 464 1332 carcerum
495 1267 697 1351 publicorum
732 1265 857 1331 foribus
887 1266 1028 1331 effractis
1058 1273 1207 1349 eruptum
1250 1288 1309 1334 cva-

165 1395 307 1457 sumque.
353 1373 435 1437 Tam
462 1375 596 1458 indigna
624 1372 864 1437 existimatione
892 1376 1002 1436 vestra
1030 1371 1174 1437 facinora
1201 1373 1304 1439 nobis-

165 1501 238 1543 cum
270 1479 461 1565 intellegitis
493 1503 557 1545 non
591 1480 722 1562 impune
755 1480 859 1543 licere.
907 1478 1115 1562 Quapropter
1144 1501 1213 1544 cum
1251 1481 1301 1544 alia

166 1586 303 1650 aliorum
328 1592 361 1651 et
384 1588 480 1671 culpa
502 1591 535 1650 et
558 1608 663 1670 poena
686 1585 799 1667 fuerit,
822 1589 890 1648 tum
913 1585 948 1651 in
971 1584 1051 1650 duos
1077 1591 1218 1650 vestrum
1242 1608 1296 1650 non

164 1693 328 1774 potuimus
353 1694 430 1778 quin
454 1716 492 1758 ea
515 1694 688 1757 severitate
712 1691 1050 1775 animadverteremus,
1074 1715 1139 1777 qua
1162 1699 1194 1757 et
1214 1690 1294 1756 iusti-

165 1798 228 1862 tiae
253 1799 461 1866 sanctitudini
490 1805 522 1864 et
549 1800 698 1884 publicae
727 1799 893 1863 securitati
922 1803 955 1862 et
983 1799 1185 1864 academicae
1208 1791 1291 1862 saluti

165 1905 377 1988 insigniorem
406 1907 440 1970 in
468 1908 599 1972 modum
628 1906 708 1969 satis
736 1905 834 1970 fieret.
887 1905 975 1970 Scire
1003 1905 1108 1989 igitur
1134 1928 1191 1970 vos
1218 1905 1289 1968 volu·

163 2034 234 2075 mus
252 2012 262 2095 ΙΙ
281 2010 317 2076 C.
340 2012 377 2075 A.
402 2013 440 2077 A.
464 2013 500 2078 G.
525 2012 795 2095 confluentinum,
819 2012 897 2076 iuris
922 2011 1105 2077 studiosum
1130 2017 1162 2076 et
1185 2011 1218 2078 Ο.
1227 2011 1251 2075 L.
1260 2006 1288 2072 S·

163 2116 368 2203 Brigensem,
400 2120 479 2184 item
510 2119 691 2184 studiosum
723 2119 816 2201 iuris,
838 2119 848 2201 ΙΙ
871 2141 953 2203 quos
982 2119 1016 2181 in
1046 2118 1182 2184 ducibus
1211 2124 1288 2202 aulus

165 2225 387 2310 antesignanis
415 2228 583 2291 turbarum
612 2226 740 2290 illarum
769 2226 868 2289 l'uisse
897 2225 1115 2291 intelleximus
1144 2231 1289 2290 contuma·

164 2333 294 2416 ciaeque
314 2336 347 2396 et
365 2334 540 2417 magistros
560 2336 593 2397 et
608 2332 737 2398 cosdem
753 2331 960 2395 administros
980 2332 1172 2416 praecipuos
1191 2352 1295 2416 cogno·

165 2439 281 2522 vimus,
312 2439 373 2504 hac
403 2440 613 2503 universitate
642 2459 783 2523 agroque
806 2438 970 2504 Bonnensi
996 2462 1014 2503 a
1042 2440 1135 2503 nobis
1162 2441 1299 2504 exclusos

166 2568 236 2609 esse
265 2550 363 2630 atquc
392 2546 425 2610 in
453 2550 644 2630 perpetuum
669 2545 844 2629 relegatos:
879 2545 1133 2628 confidimusque
1156 2569 1224 2611 non
1247 2570 1303 2612 me

165 2652 305 2716 diocrern
330 2656 363 2716 et
387 2651 659 2717 commendandae
684 2652 885 2716 innocentiae
910 2658 942 2715 et
965 2651 1110 2715 libidinis
1134 2654 1305 2737 reprimen-

165 2759 223 2822 dac
247 2759 313 2821 vim
337 2759 436 2822 talem
462 2758 642 2841 castigandi
666 2759 890 2821 necessitatem
915 2758 1109 2823 habituram.
1142 2758 1309 2826 Dabamus

165 2864 297 2928 Bonuae
322 2864 391 2928 Kal.
416 2863 490 2928 Dec.
515 2888 540 2928 a.
566 2882 779 2930 cmmcccnn.

713 3257 761 3318 16.

182 3395 332 3459 l’robcn
356 3396 420 3459 der
444 3396 621 3459 Aurcden
651 3420 696 3459 an
724 3397 783 3459 die
808 3395 1022 3461 Studenteu
1046 3419 1103 3459 am
1129 3396 1300 3465 Sclrluss

330 3503 394 3565 der
417 3501 643 3565 l'rooemien
668 3502 732 3565 der
757 3502 1141 3587 Lectionskataloge.

282 3713 316 3801 a)
340 3717 393 3779 lm
417 3715 657 3780 Prooemium
686 3717 749 3780 des
775 3716 1016 3781 Wintersem.
1044 3720 1135 3801 1839,
1149 3721 1198 3783 40

458 3856 717 3942 (gnomologium
742 3856 1015 3942 Vindobouense).

254 3999 376 4074 Quodsi
401 4022 438 4062 ex
462 4003 554 4063 tauta
577 4006 732 4083 quantam
757 4000 1035 4064 eVindobonensi
1060 4002 1171 4065 codice
1197 4027 1317 4089 propo·

165 4106 285 4169 suimus
310 4111 553 4189 praeceptorum
578 4107 786 4170 multitudine
810 4130 909 4170 unum
933 4108 1035 4189 vobin,
1059 4110 1316 4194 commilitones,

163 4211 452 4274 commendandum
480 4213 523 4276 sit
545 4217 674 4294 practer
697 4218 803 4277 cetera
826 4235 892 4276 non
917 4215 1099 4277 invenimus
1124 4217 1213 4297 quod
1238 4218 1315 4282 huic

163 4318 233 4379 loco
263 4318 370 4397 aptius
400 4318 455 4382 illo
484 4320 527 4381 sit
550 4320 716 4401 praeclaro
741 4321 964 4402 pronuntiato:
1002 4320 1033 4383 οἱ
1058 4327 1313 4401 πεπαιδευμένοι

162 4424 257 4486 πόεον
287 4427 471 4502 διαφέρουει
502 4430 567 4490 τῶν
596 4426 798 4490 ἀπαιδεύτων
826 4426 903 4490 dccv
931 4429 1004 4491 θεὸε
1034 4427 1313 4509 τῶνάνθρώπων
