2962 5032
241 334 312 415 uuo
336 334 397 382 nra
420 333 607 382 unsarana
630 334 946 383 roraruss‘ruumu.
1126 319 1169 384 85

96 471 375 543 Epigramm'auf
398 474 457 530 das
483 473 664 531 heroische
690 474 837 530 Godicht
860 475 920 532 des
945 475 1168 546 Tranquillus

311 562 521 619 Parthenius
542 564 677 620 ‘contra
696 564 871 620 Thuroas.'

83 686 166 742 edem
181 687 275 742 Druck
292 688 361 743 ‘Hec
377 687 556 743 continentur
573 689 603 743 in
616 690 670 744 hoo
685 689 826 760 opusculo.
850 687 1009 757 Tranquilli
1022 687 1168 744 Parthenii

83 776 151 830 mab
170 775 206 830 sd
224 777 314 832 Deum
334 776 438 832 Contra
458 778 581 833 Thuroas
603 778 699 834 Oratio
718 777 841 833 carmine
863 776 992 834 Heroioo.
1034 775 1166 832 Eiusdem

83 863 151 918 stola
173 864 210 918 ad
234 864 424 920 Clarissimum
448 882 481 920 ao
504 866 636 925 Nobilem
659 866 748 920 virum
772 865 971 936 Hieronymum
994 864 1029 920 de
1053 865 1167 920 Croaria

83 950 217 1022 lapphain
235 953 379 1023 utriusque
398 953 469 1008 Iuris
483 952 635 1009 doctorem.
668 954 739 1008 Item
761 952 944 1025 Epigramma
960 953 1021 1009 Viti
1043 952 1165 1008 Verleri:

83 1042 111 1097 id
128 1041 271 1097 Rotmund
294 1041 507 1099 buchornensis:
531 1043 561 1097 et
579 1040 746 1097 Theoderici
769 1042 851 1113 Spelt
871 1041 1012 1113 Prepositi
1035 1040 1165 1097 Siochar-

226 1130 342 1187 diensis’
364 1132 487 1203 [1518‘l],
506 1138 531 1186 4.
551 1130 700 1186 Rdchseite
719 1132 768 1187 des
787 1131 963 1199 Titelblatts)

476 1274 557 1330 Vitus
575 1274 707 1330 Verlerue

179 1399 250 1454 Sunt
268 1398 369 1469 quibus
387 1400 447 1456 alta
465 1399 561 1470 placet
577 1399 733 1468 turritaque
751 1400 829 1454 tecta
846 1399 992 1455 domorum

230 1488 346 1558 Erigere
365 1490 395 1543 et
412 1485 525 1544 Triviae
544 1503 684 1544 marmora
702 1489 778 1543 celsa
796 1478 879 1556 deae;

177 1575 355 1645 Pyramidum
375 1578 472 1644 moles,
491 1576 565 1631 vasti
583 1577 697 1633 Rhodos
717 1593 802 1631 aurea
819 1576 936 1645 Phoebi,

229 1665 390 1720 Laudentur
409 1665 515 1735 Solymi
533 1666 695 1736 templaque
714 1681 793 1719 sacra
810 1665 878 1735 iugi,

178 1755 311 1811 Necnon
328 1755 471 1825 belligeris
490 1755 615 1826 Babylon
633 1754 746 1824 pulsate
764 1753 908 1824 quadrigis
943 1822 946 1827 .

229 1843 266 1898 ut
284 1843 421 1898 Mausolei
440 1860 507 1898 sana
524 1843 645 1913 superba
662 1841 736 1912 rogi,

177 1931 214 1986 Et
231 1930 449 1988 Nasamoniacas
468 1932 516 2001 qni
535 1932 622 1986 iactet
641 1930 770 1986 cornibus
789 1946 860 1998 aras,

228 2020 359 2076 Praescia
378 2038 446 2090 quas
464 2019 551 2076 fontis
570 2019 681 2090 saepius
699 2019 775 2074 unda
793 2017 876 2090 rigat.

178 2110 255 2164 Haec
273 2126 442 2180 quamquam
459 2108 544 2165 nimis
563 2110 607 2164 est
623 2108 768 2163 hominum
788 2109 889 2163 mirata
908 2111 1041 2178 vetustas,

229 2200 306 2265 Quae
324 2200 379 2255 nisi
397 2201 522 2254 terrenas
541 2198 757 2253 concelebrabat
776 2215 852 2268 opes,

174 2289 210 2342 Et
228 2289 336 2357 septem
355 2286 427 2342 dixit
444 2288 556 2357 pulchri
574 2287 735 2357 spectacula
751 2287 849 2342 mnndi

225 2378 336 2432 Eximia
354 2377 383 2431 in
402 2375 490 2431 variis
509 2377 570 2432 arte
588 2377 701 2445 reposta
719 2375 796 2431 locis.

173 2467 245 2521 Sunt
262 2469 359 2522 tamar
378 2467 427 2520 aut
444 2465 539 2521 valido
557 2464 682 2535 Neptuni
700 2480 780 2519 verse
797 2464 927 2534 tridente,

227 2556 336 2625 Inclyta
353 2556 399 2610 vel
418 2555 524 2625 carpsit
541 2555 655 2609 nomina
672 2554 784 2623 tempus
803 2553 888 2622 edax,

171 2644 229 2698 Aut
246 2643 376 2714 quatiens
395 2642 517 2699 tremulo
535 2644 624 2699 terras
643 2642 685 2696 vis
704 2641 802 2695 abdita
819 2642 898 2696 motu

225 2732 346 2788 Bellicus
365 2735 415 2787 aut
432 2733 501 2788 duro
519 2732 639 2786 destruit
657 2747 720 2784 aere
738 2730 825 2796 furor,

172 2822 296 2876 Horrifer
315 2822 366 2875 aut
383 2821 485 2876 Boreas
503 2819 586 2874 simul
605 2821 634 2875 et
652 2819 789 2874 Vulcania
806 2819 895 2890 pestis

224 2910 366 2965 Paulatim
384 2911 453 2974 fines
471 2910 554 2965 iussit
572 2909 674 2965 habere
693 2926 766 2964 suos,

172 3000 302 3054 Carmina
320 3001 385 3054 suut
402 2999 461 3054 ullo
480 3015 622 3068 nunquam
640 2999 776 3054 moritura
794 2998 846 3054 sub
864 3015 944 3070 aevo,

224 3089 288 3144 Non
307 3105 341 3143 ea
359 3087 509 3158 posteritas
528 3086 644 3157 perdere
663 3104 725 3142 sera
742 3089 850 3157 potest3

171 3177 302 3250 Carmina
319 3178 379 3231 tam
398 3177 454 3232 late
472 3177 577 3232 famam
595 3192 721 3245 sparsere
739 3192 790 3246 per
808 3176 912 3247 orbem,

223 3266 263 3321 Vt
279 3265 327 3321 vix
344 3266 401 3322 sint
416 3266 485 3336 ipsis
504 3265 679 3321 obliteranda
696 3265 770 3333 deis3

170 3355 300 3409 Carmina
317 3355 465 3427 longevum
483 3355 597 3426 pariunt
614 3370 665 3425 per
682 3355 811 3426 tempora
827 3355 924 3426 vitam,

223 3445 310 3499 Vates
328 3444 416 3500 aetati
433 3444 611 3500 succubuisse
630 3444 740 3499 vetant:

172 3532 325 3605 Praecipue
343 3534 367 3589 ei
386 3535 442 3588 sint
461 3538 515 3604 (res
534 3535 577 3588 eet
594 3534 665 3589 haec
682 3550 786 3605 magna
803 3533 941 3604 proiecto)

224 3622 354 3679 Carmina
372 3622 463 3678 Pierio
481 3622 566 3693 plena
583 3622 690 3691 liquore
708 3622 774 3690 favi,

172 3711 259 3777 Quale
279 3729 356 3767 meus
375 3729 463 3782 nuper
483 3712 586 3768 cecinit
602 3728 658 3766 nou
676 3727 798 3781 paupera
817 3728 888 3767 vena

224 3801 412 3870 Tranquillus,
431 3801 557 3871 stupidos
576 3801 625 3870 qui
642 3800 713 3855 iacit
731 3818 778 3855 ore
797 3800 879 3856 viros.

171 3889 292 3956 Quodsi
310 3889 383 3945 forta
401 3885 487 3960 negas
505 3889 576 3945 odiis
597 3889 735 3945 commota
752 3888 904 3959 protervis,

223 3978 320 4033 Livide
339 3978 384 4033 vel
403 3979 494 4048 stygio
513 3979 629 4048 pectora
646 3978 713 4033 felle
731 3978 855 4047 madens,

171 4068 251 4122 Nunc
269 4084 321 4138 age
341 4066 473 4138 pervigili
491 4068 574 4123 modo
593 4068 690 4122 volvas
708 4068 802 4123 mente
820 4067 956 4137 libellum,

222 4157 310 4224 Que'm
328 4158 405 4212 levat
421 4157 506 4211 heroo
526 4154 601 4211 fama
619 4156 671 4211 sub
689 4157 766 4210 astra
784 4174 860 4211 sono.

168 4246 233 4301 Mox
251 4246 340 4302 dioesr
359 4246 457 4317 genius
476 4243 554 4300 dabit
572 4244 630 4300 illis
649 4245 761 4300 saecula
779 4245 884 4299 chartis

221 4336 313 4407 Atque
332 4336 376 4392 est
392 4333 522 4406 apposito
541 4335 645 4406 pagina
663 4334 750 4406 digna
768 4334 866 4392 Codro.
