2962 5032
545 352 781 401 nararursoua
805 353 934 400 annau.
1241 335 1305 400 633

160 500 230 579 tur,
261 494 444 560 necessario
477 499 510 559 et
541 496 627 561 inter
654 519 688 560 se
716 496 843 561 vinculo
874 495 1032 561 contineri
1064 499 1096 559 et
1125 518 1197 560 eum
1231 495 1306 579 illis,

161 624 245 687 qnae
268 603 423 686 primaria
455 608 639 687 censentur,
670 604 781 668 iuncta
819 623 902 686 esse,
935 605 1138 685 perspectum
1172 604 1235 684 est,
1270 607 1307 665 ut

162 709 273 794 paucis
301 709 515 794 complectar,
547 732 707 775 summum
735 711 831 774 finem
859 708 1057 793 philologiae
1084 713 1149 772 ianr
1178 707 1306 772 adultae

162 839 228 882 non
246 816 347 880 alium
367 837 447 899 esse,
466 815 531 880 nisi
550 820 586 880 nt
605 815 746 881 Graecae
765 816 994 898 Romanaeque
1013 814 1218 899 antiquitatis
1238 814 1305 877 uni-

163 945 275 990 versae
310 923 407 1006 plena
434 923 577 1007 cognitio
606 926 809 1007 comparetur
837 929 870 987 et
897 923 990 1007 quasi
1015 924 1123 1007 imago
1148 919 1305 1005 quaedam

163 1031 272 1095 animo
297 1029 597 1114 comprehendatur.
643 1031 764 1106 Quodsi
790 1030 973 1094 scholarum
997 1030 1155 1095 rationem
1180 1031 1306 1111 reputa·

163 1159 235 1201 mus
265 1133 336 1221 (eas
369 1135 455 1220 dieo,
487 1137 603 1222 quibus
636 1136 675 1201 ad
709 1136 894 1202 academica
924 1137 1029 1201 studia
1059 1136 1166 1200 aditus
1197 1133 1305 1219 parari

163 1241 279 1329 solet),
303 1244 437 1327 numqui
459 1244 543 1308 tradi
567 1243 733 1328 discipulis
757 1243 915 1327 videmus,
943 1248 1159 1327 quotcumque
1182 1242 1306 1306 littera·

164 1372 237 1416 rum
261 1349 531 1436 philologicarum
555 1371 673 1435 genera
700 1351 751 1416 vel
776 1351 854 1414 olim
878 1354 1018 1414 tractata
1042 1349 1180 1415 suntab
1203 1349 1307 1413 doctis

162 1457 350 1524 hominibus
383 1461 433 1523 vel
463 1481 548 1525 nunc
580 1461 665 1523 laete
702 1459 831 1543 lateque
863 1459 1095 1523 effloruerunt?
1131 1458 1222 1522 illine
1257 1455 1307 1520 vel

167 1566 389 1650 grammaticis
410 1567 538 1651 linguae
555 1566 790 1631 subtilitatibus
811 1567 1011 1650 quibuslibet
1028 1564 1238 1630 imbuuntur?
1258 1563 1306 1627 vel

166 1672 298 1738 criticae
322 1675 401 1737 artis
430 1673 646 1756 captiunculis
674 1674 886 1738 irretiuntur?
914 1675 965 1737 vel
993 1671 1032 1736 ad
1062 1670 1308 1754 antiquitatium

166 1778 241 1843 avia
264 1799 361 1860 saepe
380 1777 511 1842 dumeta
530 1769 708 1844 obscurare
728 1780 915 1845 umbracula
932 1779 1160 1865 pelliciuntur?
1183 1777 1234 1842 vel
1262 1777 1307 1841 iu-

165 1887 282 1951 bentur
303 1885 336 1949 in
361 1885 543 1950 reconditos
570 1909 712 1971 quosque
740 1887 860 1951 artium
883 1886 1128 1970 litterarumque
1150 1883 1308 1950 historiae

165 2013 312 2057 recessus
335 1992 586 2078 interioremque
610 2016 726 2058 nexum
752 1996 943 2077 penetrare?
975 1990 1066 2056 Nihil
1086 1993 1203 2057 horum
1222 1991 1307 2056 vide-

165 2120 237 2162 mus
267 2099 345 2162 lleri
391 2100 473 2175 Quid
501 2101 624 2186 igitur?
656 2101 788 2165 haecine
821 2100 901 2164 satis
931 2100 1016 2163 inter
1046 2123 1080 2165 se
1113 2100 1309 2164 concinunt?

166 2204 220 2269 An
250 2205 297 2270 sie
325 2206 435 2289 potius
464 2208 684 2293 statuendum,
712 2213 748 2272 ut
779 2207 891 2271 autin
915 2229 968 2271 eas
993 2207 1080 2291 ipsas
1105 2210 1209 2290 partes
1234 2205 1308 2270 diri·

164 2312 271 2400 genda
298 2313 528 2377 discentium
559 2314 679 2396 studia,
710 2317 767 2379 aut
800 2314 947 2377 inutilem
977 2335 1062 2396 esse,
1098 2335 1179 2397 quae
1214 2312 1308 2376 hodie

165 2420 351 2506 requiritur,
374 2420 593 2484 docentium
617 2421 796 2485 doctrinam
819 2419 1019 2484 iudicemus?

255 2525 330 2591 Non
357 2527 535 2610 poterimus
564 2528 724 2592 mehercle
753 2528 787 2592 in
819 2528 880 2592 hac
913 2527 1102 2611 quaestione
1136 2526 1307 2610 quiequam

165 2635 334 2718 prolicere,
356 2635 432 2716 nisi,
456 2658 528 2719 quo
556 2635 686 2699 tandem
710 2634 876 2699 consilio
900 2656 938 2698 ex
963 2632 1168 2718 antiquitatis
1192 2631 1306 2696 studiis

164 2741 299 2826 puerilis
332 2741 450 2805 aetatis
487 2742 726 2806 institutionem
758 2743 930 2826 praecipue
967 2763 1083 2805 nexam
1120 2739 1306 2817 habeamus,

166 2847 410 2933 quaesierimus
457 2846 555 2912 Cuius
585 2849 711 2913 consilii
739 2850 898 2913 rationem
926 2848 1061 2913 fallatur
1087 2847 1141 2930 qui
1166 2868 1203 2911 ex
1227 2845 1307 2930 ipsis

166 2954 350 3039 originibus
369 2954 466 3019 huius
486 2954 674 3039 disciplinae
695 2955 906 3020 scholasticae
930 2958 1073 3039 repetere
1096 2952 1311 3037 aggrediatur.

165 3059 264 3126 Enim
287 3082 363 3125 vero
387 3083 451 3144 qno
474 3062 709 3126 renascentium
738 3062 920 3127 litterarum
949 3061 1077 3125 saeculo
1100 3060 1241 3144 primurn
1264 3059 1311 3123 in·

166 3167 260 3232 stitui
275 3167 422 3249 publicae
438 3167 568 3232 scholae
583 3167 793 3232 humanitatis
810 3173 942 3252 coeptae
957 3171 1040 3251 sunt,
1060 3188 1097 3231 eo
1112 3166 1257 3231 homines
1271 3187 1312 3230 ne

168 3278 345 3360 potuerunt
368 3274 496 3358 quidem
520 3275 584 3339 nisi
607 3297 646 3339 ex
665 3275 861 3359 incorruptis
885 3275 1141 3360 antiquitatis
1165 3273 1312 3338 fontibus

169 3386 366 3473 aeternoque
394 3381 540 3466 exemplo
570 3383 706 3446 salutem
730 3405 881 3468 quaerere
905 3406 1005 3467 eaque
1030 3381 1175 3447 liberalis
1200 3381 1310 3471 educa·

168 3488 270 3554 tionis
300 3492 332 3552 et
360 3489 399 3553 ad
428 3489 664 3554 humanitatem
693 3489 933 3553 informationis
957 3491 1172 3554 instrumenta
1195 3491 1312 3570 petere,

169 3618 252 3681 quae
272 3617 363 3659 suae
383 3595 499 3659 aetatis
520 3596 609 3661 labes
629 3600 662 3658 et
685 3595 851 3659 barbaries
871 3596 1040 3679 praeberet
1059 3594 1156 3658 nulla.
1189 3592 1313 3657 Verum

169 3701 210 3767 ad
239 3724 337 3786 quam
366 3701 451 3765 viani
480 3703 619 3766 maiores
648 3707 776 3765 nostros
805 3702 979 3765 necessitas
1008 3701 1164 3785 quaedam
1193 3699 1314 3783 adegit,

169 3832 240 3873 eam
270 3832 329 3872 nos
360 3832 444 3873 nunc
476 3808 623 3872 consulto
653 3812 685 3871 et
715 3810 852 3872 seientes
884 3811 1043 3887 tenemus,
1075 3806 1192 3890 quibus
1221 3807 1314 3890 larga

170 3939 249 3981 sane
274 3920 306 3979 et
325 3915 491 3999 multiplex
513 3916 658 3998 suppetit
677 3915 921 3979 erudiendorum
942 3913 1146 3998 ingeniorum
1165 3914 1312 3980 materia.

170 4023 255 4099 Quid
280 4023 380 4109 igitur
399 4021 478 4086 illud
499 4026 549 4086 est
567 4022 704 4103 taudem,
728 4022 811 4105 quod
832 4021 1013 4085 tralaticiae
1033 4020 1220 4104 disciplinae
1239 4042 1312 4085 eon·

170 4132 389 4194 servationem
413 4129 572 4213 hodieque
597 4129 752 4193 suadeat?
787 4128 907 4204 Quodsi
933 4150 1044 4192 verum
1068 4132 1162 4210 esset,
1185 4127 1269 4211 quod
1294 4151 1312 4190 a

170 4236 364 4321 quibusdam
394 4236 507 4300 iactari
536 4237 724 4320 accipimus,
753 4235 806 4320 qui
837 4236 966 4318 quidem
995 4233 1162 4318 discipulis
1186 4254 1313 4317 quoqne

169 4344 236 4409 late
264 4346 429 4427 patentem
457 4343 549 4406 illum
577 4343 780 4426 antiquitatis
812 4364 942 4406 sensnm
976 4341 1197 4405 irnbibendum
1228 4342 1312 4402 vete·

170 4472 306 4534 rumque
324 4450 518 4535 populorum
540 4450 638 4513 vitam
657 4472 694 4514 ae
714 4449 901 4513 memoriam
920 4449 1009 4513 velut
1027 4446 1215 4512 intuendam
1243 4467 1313 4510 esse
