2962 5032
509 116 742 165 aaruuuscua
767 117 896 165 annau.
1207 102 1272 165 675

113 256 295 323 Nimirum
324 258 386 323 hoc
414 260 549 325 consilio
573 260 719 325 conditas
744 282 828 345 esse,
860 283 941 346 quas
964 261 1118 344 peculiari
1140 261 1272 325 nomine
1352 288 1355 293 ·

113 365 168 428 ab
208 364 477 430 universitatibus
514 365 670 430 discretas
709 366 890 432 academias
927 369 1109 433 litterarum
1147 371 1273 451 vocant,

111 472 261 556 magnis
288 494 347 557 per
374 473 513 537 maiores
542 473 691 537 civitates
718 474 889 559 plerasque
917 474 1072 559 impensis
1097 474 1272 539 sustentari

112 577 256 662 solitas,
278 579 441 645 tralaticia
464 601 541 644 voce
565 580 785 665 respondetur.
817 579 902 645 Huic
926 586 1033 645 autem
1056 603 1212 666 responso
1235 585 1274 645 ut

111 707 259 750 rursum
282 686 493 770 respondeam
517 685 732 770 adversando,
755 686 788 750 in
812 687 874 751 hoc
897 709 972 753 vero
997 688 1092 753 cardo
1117 689 1272 753 orationis

114 814 222 858 meae
249 793 397 858 vertitur.
441 792 527 857 Nam
560 796 598 857 ut
625 793 735 877 paucis
764 793 1047 879 comprehendam,
1079 816 1145 860 non
1178 795 1271 860 credo

115 900 189 983 illi,
214 900 300 985 quod
324 904 393 965 tam
417 898 588 986 magnifice
611 900 760 983 iactatur,
784 900 920 965 consilio
944 901 1072 985 publico
1097 901 1274 966 academia·

117 1028 202 1070 rum
217 1007 377 1073 instituto
400 1008 452 1072 vel
475 1028 570 1091 posse
595 1006 745 1071 satisfieri
763 1007 814 1071 vel
832 1029 910 1092 prae
933 1008 1180 1073 universitatum
1204 1010 1271 1094 qui·
1286 1032 1333 1074 vn

120 1113 202 1179 dem
227 1114 379 1180 instituto
404 1112 555 1179 satisfieri
578 1135 698 1178 revera.
730 1113 824 1180 Illinc
847 1119 885 1179 ut
908 1115 1025 1200 ordiar,
1049 1117 1099 1182 vel
1121 1117 1184 1182 hoc
1207 1139 1272 1181 non

122 1224 181 1286 est
199 1220 348 1305 profecto
367 1221 489 1285 nullius
507 1220 672 1304 momenti,
692 1220 777 1306 quod
795 1221 922 1286 litteras
942 1222 1117 1306 universas,
1137 1245 1272 1307 quarum

126 1327 373 1393 consociatione
402 1349 461 1392 suo
488 1326 618 1391 nomine
646 1326 763 1413 dignae
796 1328 1023 1392 universitates
1057 1350 1200 1412 evasere,
1233 1351 1273 1393 ne

128 1434 246 1499 volunt
275 1434 420 1520 quidem,
452 1455 534 1518 quae
561 1433 658 1497 hodie
687 1433 870 1498 academiae
898 1433 1062 1519 foventur,
1095 1435 1276 1520 complecti,

130 1540 188 1606 sed
211 1541 350 1608 exclusis
373 1539 562 1624 plerumque
586 1544 636 1605 sat
660 1540 814 1626 gravibus
838 1541 1018 1626 disciplinis
1041 1541 1274 1627 philosophicis

130 1653 265 1714 atvero
289 1666 409 1732 magna
431 1667 469 1710 ex
492 1651 586 1730 parte
609 1647 708 1712 etiam
732 1646 864 1713 medicis
888 1654 920 1713 et
943 1649 1085 1715 iuridicis
1110 1647 1201 1736 (nam
1225 1671 1275 1713 ex·

130 1755 239 1820 clusas
260 1753 465 1838 theologicas
489 1753 596 1819 minus
620 1775 715 1839 aegre
739 1753 823 1840 fero)
842 1756 1087 1841 angustioribus
1112 1775 1183 1821 sese
1205 1755 1275 1820 fini·

129 1861 194 1926 bus
215 1860 459 1944 historicarum,
482 1860 771 1946 philologiearum,
797 1862 1100 1927 mathematicamm
1125 1862 1275 1946 physica·

130 1988 267 2053 rumque
295 1967 618 2053 circumsaepserunt.
664 1966 725 2032 Sed
750 1969 845 2032 mitto
869 1990 953 2033 nunc
977 1973 1009 2032 et
1030 1968 1114 2033 hanc
1138 1972 1170 2032 et
1194 1989 1275 2052 quae

131 2075 233 2141 etiam
257 2072 423 2160 graviores
447 2094 580 2139 caussae
603 2073 637 2139 in
660 2078 814 2158 promptu
839 2077 922 2158 sunt,
946 2096 1003 2140 eur
1026 2078 1140 2159 suapte
1158 2079 1276 2139 natura

131 2203 228 2266 pares
251 2201 321 2246 esse
344 2180 526 2246 academias
550 2181 588 2266 ei,
612 2181 663 2245 cui
681 2180 851 2246 institutae
871 2203 940 2245 esse
959 2181 1116 2265 feruntur,
1139 2181 1275 2246 consilio

131 2297 268 2375 negem,'
288 2287 400 2372 paullo
423 2289 498 2372 post
520 2287 583 2352 huc
605 2309 798 2354 reversurus.
845 2286 968 2364 Quodsi
990 2309 1089 2371 nunc,
1111 2309 1177 2353 non
1200 2287 1275 2373 quid

132 2395 185 2461 rel
208 2394 340 2479 possint
357 2394 409 2459 vel
432 2416 498 2459 non
522 2394 649 2477 possint
671 2398 846 2478 praestare,
870 2394 925 2458 sed
950 2393 1026 2478 quid
1052 2395 1277 2479 praestiterint

133 2506 167 2567 et
188 2504 356 2586 praestant
378 2500 570 2584 quaerimus,
594 2500 737 2565 omnium
762 2501 902 2584 primum
927 2501 1040 2584 procul
1058 2500 1208 2567 habenda
1227 2504 1277 2565 est

133 2608 202 2674 eius
227 2607 410 2674 academiae
434 2607 649 2692 comparatio,
677 2628 697 2670 a
719 2606 810 2670 cuius
834 2607 979 2690 exemplo
1004 2610 1036 2670 et
1059 2605 1167 2690 effigie
1190 2610 1276 2670 recte

132 2718 337 2800 repetuntur,
367 2718 528 2800 quotquot
559 2714 593 2777 in
615 2716 728 2777 nostra
750 2713 857 2798 patria
880 2712 1027 2777 conditae
1051 2716 1128 2778 sunt
1150 2715 1183 2777 et
1205 2712 1277 2776 imi-

132 2821 233 2887 tando
259 2820 431 2887 formatae:
465 2842 563 2905 quam
591 2840 661 2884 esse
685 2817 965 2904 Francogallicam
996 2823 1140 2904 constat,
1172 2820 1277 2884 iustos

133 2950 206 2994 eam
233 2927 374 2993 honores
403 2929 607 2992 consecutam
637 2932 671 2991 et
701 2925 811 2991 debita
833 2926 939 3011 gloria
962 2926 1131 2992 fruentem.
1176 2924 1278 3010 Atqui

131 3055 199 3100 non
224 3034 330 3098 minus
347 3036 483 3120 constat
505 3033 539 3097 in
558 3031 785 3117 Francogallia
808 3031 938 3116 quidem
962 3034 1092 3119 ingenio
1116 3033 1276 3097 doctrina·

132 3162 197 3226 que
224 3139 417 3203 excellentes
444 3137 592 3203 homines
626 3143 659 3202 et
693 3141 859 3223 tamquam
893 3141 1002 3224 capita
1034 3141 1216 3204 litterarum
1245 3139 1277 3202 in

132 3268 233 3313 unam
254 3245 322 3310 fere
345 3244 456 3309 urbem
481 3248 610 3310 coactos
634 3267 713 3328 esse,
736 3266 817 3328 quae
841 3267 914 3310 cum
933 3246 1035 3331 ipsius
1055 3251 1161 3311 terrae
1182 3248 1280 3329 caput

133 3354 188 3438 sit,
210 3351 454 3436 disciplinarum
478 3351 512 3416 in
531 3374 565 3416 se
584 3351 694 3436 copias
714 3373 825 3416 omnes
845 3352 1012 3435 complexa
1031 3375 1107 3417 vera
1126 3355 1160 3417 st
1178 3372 1278 3436 prope

132 3482 200 3526 una
231 3460 352 3527 artium
383 3458 632 3542 litterarumque
665 3458 755 3522 sedes
789 3462 906 3542 exstet,
939 3459 1138 3544 emergentia
1169 3461 1276 3522 autem

132 3588 192 3651 per
218 3563 405 3652 provincias
434 3563 564 3649 ingenia
593 3562 746 3628 continuo
773 3563 893 3628 haustu
924 3564 1061 3628 asciscat
1091 3585 1212 3649 suoque
1242 3564 1276 3628 in

134 3673 208 3738 sinu
232 3671 384 3756 recipiat:
407 3673 521 3735 contra
544 3669 784 3754 universitates,
808 3670 928 3734 nostris
951 3669 1080 3753 quidem
1104 3671 1154 3733 vel
1174 3669 1278 3754 digui-

134 3784 204 3846 tate
226 3800 321 3863 pares
345 3777 398 3841 vel
421 3777 558 3842 consilio
582 3776 715 3861 similes,
737 3798 797 3840 nec
820 3777 854 3841 in
877 3776 1054 3861 provinciis
1077 3777 1189 3841 necin
1208 3777 1279 3859 ipsa

134 3886 213 3951 urbe
244 3888 371 3950 exstare
402 3884 544 3949 omnine.
590 3884 618 3948 A
651 3907 715 3970 qua
745 3884 933 3949 condicione
962 3883 1198 3948 diversissimas
1228 3905 1275 3946 ra·

135 3993 243 4058 tiones
265 3991 423 4056 habemus
446 3989 531 4076 quod
559 3991 654 4054 nobis
679 3991 886 4073 gratulemur.
931 3990 1021 4055 Inter
1044 4013 1124 4075 quos
1149 4014 1168 4055 a
1191 3990 1278 4075 prin·

134 4099 221 4184 cipio
245 4097 459 4183 aequabiliter
481 4118 539 4181 per
557 4097 725 4161 universae
740 4093 933 4161 Germaniae
956 4097 1149 4182 provincias,
1173 4097 1280 4181 urbes,

134 4203 257 4289 oppida
282 4204 381 4286 longe
407 4203 536 4287 lateque
565 4202 775 4267 disseminata
805 4202 952 4268 doctrina
981 4225 1048 4269 non
1069 4203 1167 4267 modo
1190 4202 1281 4267 nulla

1013 4306 1067 4361 48*
