2962 5032
178 342 243 405 454
467 355 729 403 enocnsonuns
753 356 800 402 ns
823 355 1032 404 nsrroursvs

180 504 236 565 aut
259 523 332 565 cum
355 499 542 565 Hermanno
566 499 612 564 sic
636 503 686 563 est
709 498 941 564 emendandus:

268 642 305 706 Id
329 645 439 706 utrum
463 641 562 706 uelim
585 643 649 708 iam
673 642 718 706 mi
741 642 828 706 hacid
851 641 872 705 l.
895 642 925 725 i.,

181 791 237 851 eut
258 786 399 850 fortasse
423 785 469 850 sic
492 785 615 870 potius:

269 928 306 993 Id
329 928 395 992 irim
419 929 473 1010 mi,
497 931 604 991 utrum
628 928 737 1011 uelim,
758 927 844 993 haud
868 929 888 992 l.
911 929 931 992 i.

182 1071 243 1137 Sed
267 1057 517 1156 spon'diacam
541 1093 599 1154 pro
623 1071 762 1135 iambica
786 1093 863 1136 voce
885 1071 1003 1136 tertius
1027 1092 1083 1155 pes
1102 1093 1169 1135 non
1187 1069 1297 1153 admisit,

181 1181 245 1246 nisi
273 1178 477 1264 paucissimis
506 1179 540 1243 in
572 1179 665 1262 lucie,
696 1177 729 1242 in
759 1178 876 1262 quibus
906 1178 965 1241 illa
991 1201 1011 1240 a
1041 1178 1203 1262 prioribus
1229 1178 1297 1263 gravi

176 1285 441 1370 'interpunctione
465 1284 638 1368 divellitur,
661 1287 698 1349 ut
720 1284 809 1350 Trin.
831 1285 909 1348 427:

272 1426 397 1512 Nempe
421 1429 501 1512 queis
524 1410 696 1512 spopondi.
720 1426 780 1493 sd.
803 1427 899 1491 immo'
921 1450 1001 1511 ques
1026 1426 1171 1511 dependi,
1193 1425 1300 1512 inquito.

183 1569 251 1635 Nec
280 1574 390 1634 temen
417 1556 486 1634 fieri
515 1592 609 1655 posse
633 1569 759 1635 videtur
782 1573 819 1633 ut
843 1568 978 1634 eundem
1002 1592 1101 1654 quam
1125 1569 1301 1653 praecedens,

184 1679 274 1742 nullo
306 1677 477 1742 intervallo
510 1699 708 1762 consequens
748 1677 965 1761 interpunctio
998 1677 1064 1742 vim
1099 1677 1231 1760 habeat,
1257 1697 1303 1761 que

185 1788 314 1849 tantum
346 1783 438 1853 abest
467 1788 504 1848 ut
534 1785 672 1849 leniatur
703 1784 836 1850 offensio
865 1785 1003 1869 neglecti
1033 1788 1197 1868 accentus,
1228 1807 1259 1847 ee
1280 1784 1305 1845 ut

76 1914 170 1956 coxrx
187 1890 346 1954 sentiatur
369 1891 482 1976 magis.
519 1890 594 1955 Non
617 1895 701 1956 recte
725 1891 839 1976 igitur,
863 1891 890 1955 si
916 1892 992 1976 quid
1017 1891 1120 1976 video,
1143 1892 1176 1955 in
1199 1888 1305 1956 Bacchi·

122 2017 125 2023 ·
185 1996 279 2062 dibus
303 2018 337 2061 se
360 1997 461 2062 habet
484 2021 512 2062 v.
539 2000 622 2066 1026
647 1998 777 2081 [1065];

274 2138 335 2203 Vel
354 2123 400 2204 'da
423 2141 563 2225 aliquem
587 2140 642 2227 qui
664 2141 763 2205 seruet
786 2162 844 2205 me.
870 2141 928 2207 Nl.
952 2141 1012 2207 ohe
1037 2142 1148 2205 odiose
1171 2140 1256 2222 lacis,

109 2330 118 2349 .
188 2282 238 2346 oui
262 2304 302 2346 ne
326 2283 367 2346 ab
388 2284 496 2368 eliqua
516 2287 666 2349 accentus
686 2284 797 2348 enclisi
817 2265 946 2369 quidem
966 2283 1164 2369 praesidium
1184 2285 1311 2367 paratum

188 2412 258 2455 esse
282 2389 504 2456 concesserim.
551 2390 756 2474 Quapropter
785 2395 911 2456 servato
940 2392 1112 2456 verborum
1142 2388 1251 2455 ordine
1270 2383 1311 2471 qui

187 2499 221 2560 in
245 2498 278 2561 B
301 2501 359 2575 est,
383 2497 485 2561 eiecto
509 2500 626 2579 autern,
650 2497 733 2581 quod
758 2520 775 2561 e
799 2497 964 2581 proximae
990 2496 1076 2561 vocis
1096 2496 1192 2561 initio
1212 2499 1313 2569 natum,

187 2605 241 2669 ode
263 2606 309 2669 sio
331 2605 449 2669 scribe:

279 2747 339 2811 Vel
363 2746 403 2810 da
427 2746 566 2830 aliquem
591 2747 644 2830 qui
669 2769 719 2810 me
744 2749 859 2811 se'ruet.
884 2746 939 2810 Nl.
964 2747 1077 2811 odiose'
1100 2747 1192 2812 lacis.

191 2890 490 2974 Anapaesticnm
516 2895 624 2954 antem
648 2891 681 2954 in
706 2890 803 2953 tertio
828 2889 906 2972 pede
927 2911 1037 2954 vocem
1057 2913 1096 2953 ne
1115 2886 1316 2972 interpunctio

190 2997 318 3080 quidem
343 2997 423 3059 sutis
447 3018 616 3060 excusasse
640 2996 767 3060 videtur
790 2994 881 3081 (narn
900 2995 987 3059 Trin.
1010 2998 1155 3061 11411011
1181 3000 1256 3060 sunt
1272 3013 1317 3078 pro

191 3125 265 3167 vero
290 3107 466 3186 anapaesto
490 3108 517 3166 et
539 3099 655 3187 illucet:
684 3103 802 3166 nedum
827 3106 862 3165 ut
893 3102 951 3165 illa
980 3105 1126 3186 excipere
1155 3104 1232 3168 item
1260 3121 1318 3166 ana·

192 3210 368 3293 paestioam
393 3210 506 3293 possit,
530 3214 566 3272 ut
588 3208 677 3272 Trin.
701 3210 778 3273 594:

281 3351 319 3414 ln
342 3351 513 3434 derebipuo'st
534 3352 627 3416 etium
650 3350 782 3434 nunc*),
806 3353 882 3436 quid
906 3373 944 3415 eu
967 3355 1001 3415 re
1026 3352 1105 3432 tuat,

194 3496 248 3558 ubi
276 3494 363 3559 haud
391 3497 578 3558 cunctanter
606 3494 881 3577 transponendum
909 3498 979 3557 crat
1007 3494 1048 3556 Iu
1075 3494 1218 3576 (trudique
1244 3494 1325 3557 e‘tiore

193 3622 275 3665 rrrrnc
297 3606 347 3665 cst.

283 3709 489 3790 Consequens
513 3706 575 3770 fuit
603 3711 640 3769 ut
669 3708 766 3771 etiam
797 3707 829 3770 in
862 3707 990 3790 priore
1025 3712 1132 3790 perte
1166 3708 1327 3773 senario·

195 3838 290 3896 rum,
318 3837 399 3898 quae
423 3817 583 3878 estante
608 3835 817 3897 caesuram,
845 3813 924 3877 nihil
949 3814 1137 3878 offensionis
1160 3815 1330 3880 iambicum

197 3922 384 3987 vocabulum
419 3921 469 3984 vel
502 3921 536 3985 in
569 3921 690 4005 prirno
724 3920 773 3984 vel
808 3921 841 3984 in
875 3920 1041 3985 secundo
1074 3921 1166 4005 pede
1194 3922 1332 3987 haberet

196 4028 319 4106 Quodsi
347 4028 442 4112 longe
471 4028 630 4112 longeque
659 4027 761 4091 rarius
789 4026 823 4090 in
852 4026 989 4093 secundo
1018 4032 1083 4112 ost,
1109 4027 1179 4093 eius
1203 4028 1252 4093 rei
1272 4046 1334 4093 non

197 4141 247 4199 est
270 4135 334 4198 alie
357 4156 472 4199 caussa
495 4134 555 4198 nisi
580 4134 665 4218 quod
690 4133 838 4199 binorum
859 4133 1071 4199 iambicorum
1090 4134 1335 4201 continuitatem

304 4383 330 4448 ²⁸)
351 4382 394 4452 [ln
413 4381 455 4437 ed.
475 4381 523 4434 alt.
543 4379 596 4434 hoc
615 4378 730 4448 reliquit
747 4377 917 4436 Bitschelius
935 4378 1042 4437 addens
1058 4396 1111 4452 pro
1128 4396 1186 4439 nno
1201 4394 1268 4432 να·

199 4485 259 4524 esse
278 4469 360 4524 etiam
378 4485 463 4537 nunc,
482 4471 514 4523 ut
527 4468 684 4536 ottomanus,
701 4467 777 4539 quod
789 4466 882 4540 ipsum
894 4464 1016 4525 rom
1028 4466 1148 4529 millu
