2926 5040
189 101 253 164 700
419 115 648 163 unnarursona
672 101 887 179 nuscunluu,
910 114 1105 179 nnnnssnn,

188 259 354 345 Magnifiei
377 257 520 341 creandi,
543 259 625 324 scire
650 279 707 322 vos
730 258 880 322 volumus
903 259 1069 323 communi
1091 258 1264 323 sententia
1287 256 1340 323 Se

188 369 302 430 natum
334 365 633 449 amplissimumque
666 362 850 450 Collegium
881 364 1112 430 Professorum
1145 363 1342 447 decrevisse,

188 473 236 536 uti
254 472 265 555 ΙΙ
281 471 349 536 Rex
373 476 483 536 noster
498 470 760 555 Angustissimus
779 471 878 536 Pater
896 471 1022 555 patriae
1038 469 1326 537 clementissimus
1334 470 1343 517 ¹

187 578 377 643 Ansuauvs
395 578 406 660 ΙΙ
424 578 492 662 qui,
524 582 677 663 paternae
710 579 840 643 virtutis
873 578 967 642 heres
1000 583 1033 643 et
1065 578 1233 662 aemulus,
1268 600 1341 643 oum

189 685 262 751 aliis
298 685 500 750 documentis
532 706 728 768 propensam
761 687 795 749 in
827 685 1042 751 humanitatis
1076 686 1342 771 optimatumque

189 791 308 857 artium
333 791 441 855 studia
464 791 664 855 voluntatem
684 792 865 857 luculenter
883 791 1121 876 comprobavit,
1143 795 1217 857 tum
1235 793 1341 877 ipsam

189 898 274 964 hano
302 899 485 963 litterarum
514 898 757 964 universitatem
786 921 939 982 praesens
961 921 1064 983 nuper
1087 899 1274 984 insigniore
1296 901 1342 964 fa·

189 1028 265 1071 vore
289 1006 455 1088 amplexus
479 1007 537 1084 est,
560 1006 710 1087 precibus
732 1007 856 1071 uostris
876 1006 1176 1072 observantissimis
1197 1000 1341 1071 adiretur

190 1117 288 1197 atqm
320 1111 360 1176 ad
376 1110 388 1195 ΙΙ
406 1109 553 1175 Rectoris
581 1109 812 1175 Vniversitatis
846 1111 1166 1197 Magnificentissimi
1188 1112 1201 1196 Ι
1224 1134 1340 1178 munus

189 1222 382 1302 perpetuum
404 1218 415 1300 ΙΙ
438 1216 616 1281 liberaliter
645 1218 678 1281 in
710 1216 828 1282 Samen
861 1218 1102 1303 suscipiendum
1133 1219 1340 1285 invitaretur.

189 1325 230 1389 Ei
259 1325 362 1409 igitur
392 1323 550 1389 desiderio
580 1346 646 1389 nou
678 1325 747 1389 siue
777 1326 938 1411 singulari
968 1325 1138 1411 voluptate
1168 1326 1339 1412 accipietis

189 1433 358 1516 dignatum
400 1452 470 1495 esse
512 1429 822 1497 Gennnosrssruvu
869 1433 1069 1516 eundemque
1116 1430 1336 1499 exarsimus

57 1572 61 1581 ·
108 1621 115 1634 ⁸
188 1538 383 1603 Parucn’snr
407 1536 606 1621 perbenigne
630 1536 849 1602 obsecundare
872 1538 1083 1622 inclitamque
1098 1535 1269 1603 Musarum
1292 1562 1336 1603 se

189 1646 262 1710 dem
289 1647 435 1709 nostram
463 1643 564 1706 ferme
593 1648 706 1708 exacto
736 1644 876 1728 quinque
905 1644 1110 1709 saeculorum
1132 1665 1230 1709 cursu
1252 1667 1335 1710 noro

190 1751 252 1817 hoc
276 1771 377 1834 eoque
401 1750 567 1832 praeclaro
591 1749 771 1815 ethonore
795 1754 829 1815 et
847 1750 1020 1834 splendore
1040 1771 1160 1837 augere
1179 1751 1302 1817 adorna
1323 1782 1397 1823 xx
1429 1817 1453 1829 ,

189 1858 415 1924 condecorare.

280 1964 373 2040 Quod
391 1961 479 2028 Deus
499 1962 650 2046 Optimus
669 1962 831 2027 Maximus
854 1963 937 2028 bene
956 1967 1065 2030 vertat
1080 1965 1093 2049 l
1109 1969 1143 2029 et
1166 1964 1246 2030 felix
1267 1966 1433 2059 fan.-

191 2076 276 2137 stum
300 2071 566 2153 fortunatumque
590 2091 659 2134 esse
683 2069 802 2134 iubeat.

279 2177 400 2243 Datum
420 2176 550 2260 Lipsiae
570 2176 622 2240 die
636 2175 758 2241 XVllI.
778 2176 900 2241 mensis
918 2177 1005 2242 Iunii
1025 2179 1102 2243 anni
1115 2195 1460 2270 nncccnxxw·

657 2446 868 2454 —————-

747 2640 776 2705 5.

213 2782 655 2847 Gratulationsadresse
683 2783 750 2847 der
777 2782 929 2848 Bonner
957 2782 1204 2848 Universitiit
1231 2805 1414 2848 aum

191 2889 441 2973 300jiihrigen
465 2890 665 2954 Jubiliium
693 2890 759 2953 der
781 2888 991 2954 Albertina
1015 2890 1055 2954 in
1078 2889 1364 2975 Kbnigsber·
1388 2907 1432 2967 g.

280 3030 462 3095 Protectori
490 3032 664 3114 Magnifico
693 3035 726 3096 et
749 3030 872 3095 lllustri
897 3030 1031 3096 Senatui
1054 3031 1064 3117 l
1087 3032 1232 3097 Inclutac
1254 3023 1428 3095 Vani·

191 3137 356 3201 versitatis
385 3139 573 3202 Albertinae
601 3136 611 3206 ,l
638 3137 668 3202 S.
692 3137 726 3204 P.
750 3137 788 3202 D.
823 3138 825 3221 l
853 3138 974 3204 Rector
1002 3144 1036 3204 et
1063 3137 1201 3204 Senatus
1224 3128 1426 3201 ¹V1-15·

190 3245 354 3309 versitatis
379 3245 402 3308 F
406 3245 570 3309 ridericiae
595 3245 789 3310 Guilelmiae
813 3245 998 3311 Rhenanae.

280 3351 342 3416 Vix
370 3353 463 3417 nobis
494 3351 664 3435 quiequam
694 3353 836 3416 accidere
865 3354 915 3417 vel
946 3352 1133 3437 exoptatius
1162 3352 1212 3416 vel
1232 3350 1364 3416 hon
1375 3356 1424 3395 ί)-

190 3460 368 3522 rificentius
397 3459 518 3543 poluit,
550 3481 645 3541 quarn
672 3459 755 3542 quod
779 3482 839 3523 nos
863 3460 1039 3543 participes
1063 3481 1133 3523 esse
1158 3460 1225 3522 eius
1247 3458 1363 3522 lae
1373 3439 1423 3501 ¹¹·

191 3567 256 3629 tiae
287 3565 422 3629 Vestrae
457 3565 621 3646 voluistis,
654 3588 751 3648 quam
786 3588 859 3630 rara
891 3570 924 3630 et
956 3567 1087 3631 virtutis
1120 3565 1373 3651 perpatuit-fi
1384 3549 1422 3604 ἡ

190 3678 318 3756 partam
351 3677 383 3735 et
415 3672 555 3734 numinis
584 3671 685 3734 divini
715 3672 822 3756 gratia
852 3694 1040 3737 concessam
1070 3695 1108 3737 ex
1139 3673 1237 3738 animi
1262 3670 1419 3734 ⁸2¹¹·

190 3781 294 3843 tentia
326 3779 428 3843 Vobis
459 3780 730 3863 congratulamur.
776 3776 861 3843 Nam
895 3801 985 3863 cum,
1018 3781 1135 3863 quibus
1167 3779 1361 3844 hominu
1381 3775 1415 3815 ¹¹¹

190 3889 257 3950 vita
272 3908 344 3950 eum
364 3885 456 3949 laude
471 3890 635 3949 transacta
654 3886 854 3968 honestatur,
878 3908 915 3950 ea
935 3886 1105 3952 sollemnia
1122 3910 1188 3952 non
1207 3906 1298 3971 poss}
1312 3873 1348 3936 ἱ
1363 3864 1414 3926 ¹¹¹

191 4018 255 4058 non
289 4013 362 4057 cum
395 3992 544 4055 subtristi
577 3992 774 4074 cogitatione
808 3992 1048 4057 imbecillitatis
1080 3992 1342 4078 fragilitatisq
1356 3984 1412 4028 ²¹¹

190 4101 351 4165 humanae
383 4100 506 4163 sociata
542 4121 624 4161 esse:
661 4102 695 4161 at
724 4098 818 4181 bace,
850 4120 931 4181 quae
960 4099 1027 4162 iam
1057 4102 1091 4163 et
1117 4098 1218 4163 Vobis
1245 4100 1301 4161 el:
1394 4091 1408 4130 ¹¹

190 4207 293 4272 Vobis
318 4205 496 4269 saecularia
519 4204 689 4269 sollemnia
706 4210 873 4290 parantur,
896 4229 960 4271 uon
983 4206 1204 4272 infirmitatem
1225 4196 1404 4267 rerum
