2962 5032
451 305 717 355 nuaunsmours
741 304 946 353 1111111131..
1210 285 1275 397 301

108 447 374 532 :reprobabile
396 451 471 513 octo
489 452 618 514 tantum
636 449 820 514 fabularum
840 447 958 512 finibus
978 444 1276 511 circumscribenda.

95 552 194 619 :ast
225 557 336 619 autem
368 555 425 638 qui
455 555 536 620 illud
567 560 708 621 testatur
741 554 1029 620 Ottobonienus
1062 552 1151 617 2005
1183 549 1277 637 (olim

112 659 174 725 ’1.
200 661 232 724 4.
260 661 314 725 21.
347 664 381 726 31
406 660 444 727 Β.
471 660 535 746 111,
568 661 629 747 15)
662 662 887 726 membraneus
925 681 1010 724 anno
1048 673 1278 723 cloccccnvm
1292 682 1348 722 xm

136 766 300 831 Ferrariae
323 767 472 852 scriptus,
496 767 631 854 singulis
655 767 830 833 comoediis
849 764 1088 852 elegantissime
1106 764 1195 848 picta
1213 786 1278 828 em·

136 872 290 958 blemata,
316 871 453 939 Casinae
482 878 590 939 autem
618 879 740 958 septem
769 873 915 938 versibus
944 871 1096 936 extremis
1123 871 1208 935 hanc
1231 871 1278 935 in-

136 981 342 1065 scriptionem
359 983 572 1065 praemissam
591 981 729 1046 habens:
748 976 1039 1058 OALLEOPEVS,
1057 978 1176 1042 iterum
1194 977 1278 1042 hano

137 1109 187 1152 sex
226 1089 379 1154 extremis
417 1085 634 1154 Cistellariae:
671 1087 857 1152 Recitator
890 1085 1090 1168 Galllopus:
1128 1084 1278 1149 similitor

137 1199 229 1279 atque
260 1195 295 1260 in
328 1195 476 1280 plurimis
499 1195 591 1261 libris
616 1195 818 1259 Terentianis
850 1198 884 1259 et
914 1194 1037 1258 factum
1070 1196 1103 1256 et
1135 1194 1278 1255 erratum

137 1323 202 1366 esse
236 1307 374 1367 constat.
418 1301 513 1369 Hanc
545 1302 646 1390 igitur
679 1300 832 1386 Calliopii
865 1301 1100 1383 recensionem,
1132 1300 1160 1363 si
1191 1302 1277 1362 recte

137 1408 271 1494 conieci,
298 1410 380 1475 satis
407 1433 466 1495 per
493 1416 616 1475 ceteras
645 1414 755 1494 partes
783 1433 802 1474 3
830 1409 926 1475 nohis
955 1407 1135 1491 descriptus
1158 1429 1178 1483 γ
1201 1428 1277 1490 prae

138 1537 170 1581 se
190 1516 329 1581 ferebat

222 1621 384 1687 Mutatum
421 1623 604 1688 fabularum
637 1623 784 1688 ordinem
816 1626 928 1687 secuta
959 1626 1010 1686 est
1041 1621 1213 1685 earundem
1245 1621 1278 1684 in

138 1713 212 1793 duas
245 1733 356 1813 partes
384 1729 570 1814 diremptio,
603 1753 741 1815 quarum
769 1731 872 1795 altere
900 1730 942 1794 ab
970 1729 1208 1813 Amphitruone
1237 1727 1277 1792 ad

136 1836 321 1921 Epidicum,
348 1858 368 1900 a
394 1836 612 1903 Bacchidibus
641 1837 682 1902 ad
705 1837 933 1902 'lhuculentum
966 1837 1070 1901 altera
1092 1835 1278 1919 pertineret.

137 1942 181 2008 1111
204 1943 338 2008 illarum
361 1942 471 2008 codice
494 1948 512 2008 δ
536 1944 702 2028 repetendi
720 1945 754 2010 Β
773 1948 806 2008 31
823 1943 866 2027 D,
889 1966 1027 2028 quorum
1050 1943 1145 2007 binas
1168 1945 1277 2025 partes

137 2071 170 2114 ex
203 2052 251 2115 eis
282 2072 364 2134 quae
398 2072 495 2136 supra
526 2052 694 2115 attulimus
726 2051 930 2134 intellegitur
961 2072 1108 2115 seorsum
1140 2048 1279 2131 scriptas

137 2177 218 2222 esse:
240 2157 433 2241 repetendus
447 2157 478 2223 J
481 2156 522 2245 ²³⁵),
545 2158 601 2242 qui
620 2164 670 2223 est
687 2159 912 2223 membraneus
931 2156 1036 2222 Musei
1054 2155 1278 2221 Britannici

138 2261 204 2316 110

138 2339 216 2404 Ἡ,
249 2301 370 2365 rectius
393 2302 500 2364 autem
531 2305 568 2365 ut
592 2276 707 2384 opinbr
734 2300 903 2367 undecimo
932 2323 1030 2385 quam
1059 2299 1182 2364 decimo
1211 2319 1279 2362 sae·

137 2443 204 2509 culo
229 2442 457 2529 tribuitur**):
480 2443 674 2528 repetendus
694 2444 830 2528 denique
852 2444 880 2508 is
904 2441 959 2529 (Z),
983 2443 1038 2528 qui
1060 2442 1134 2507 fons
1154 2440 1280 2505 exstitit

137 2549 334 2634 reliquorum
372 2555 445 2616 octo
482 2551 612 2616 fabulas
649 2552 776 2635 priores
814 2550 1112 2634 complectentium,
1149 2547 1278 2612 saeculo

136 2661 243 2721 autem
275 2657 326 2721 vel
358 2655 437 2722 XIV
461 2657 512 2722 vel
534 2655 595 2722 XV
630 2657 826 2743 scriptorum
854 2658 920 2721 fere
953 2656 1113 2721 omnium:
1141 2677 1278 2740 quorum
1408 2698 1412 2706 -

136 2763 195 2827 etsi
220 2762 413 2848 pergrandis
437 2756 589 2828 uumerus
613 2767 676 2842 est,
703 2769 816 2828 tamen
839 2762 947 2827 nullus
972 2763 1022 2827 vel
1045 2784 1084 2827 ex
1107 2763 1141 2828 Β
1164 2762 1216 2827 131
1240 2784 1277 2826 ex

135 2868 167 2934 D
184 2869 238 2935 vel
263 2892 301 2934 ex
319 2869 349 2934 J
367 2871 519 2935 manavit.
556 2869 679 2935 Verum
703 2870 774 2954 hoc,
797 2870 853 2935 ubi
876 2869 916 2934 ad
940 2873 1013 2935 octo
1036 2870 1161 2954 priores
1186 2869 1279 2933 eden-

134 2974 191 3040 das
218 2998 352 3062 venero,
379 2982 412 3042 et
439 2978 668 3044 demonstrabo
698 2981 730 3041 et
758 2976 952 3062 singillatim
980 2998 1168 3060 persequar:
1195 2998 1279 3040 nunc

134 3081 195 3147 hoc
218 3105 319 3148 unum
342 3107 474 3170 occupo,
498 3107 657 3149 summam
681 3105 751 3148 esse
775 3087 929 3167 quattuor
947 3083 1076 3148 illorum
1095 3082 1279 3148 similitudi-

133 3210 207 3253 nem
236 3191 403 3276 multoque
431 3191 588 3257 maiorem
617 3214 715 3276 quam
739 3212 820 3274 quae
843 3191 877 3255 in
900 3190 1135 3274 posterioribus
1159 3190 1279 3256 fabulis
1289 3211 1360 3251 xmr

133 3295 218 3361 inter
242 3297 276 3362 Β
298 3302 332 3362 31
357 3297 388 3362 T
407 3301 440 3363 et
461 3320 480 3377 η
504 3298 696 3363 intercessit.
733 3297 778 3362 Et
802 3298 832 3361 Τ
852 3297 980 3382 quidem
1004 3297 1092 3362 volui
1118 3296 1278 3363 Tvuuum

133 3401 209 3468 illas
240 3404 445 3469 membranas
474 3427 557 3488 esse,
587 3427 723 3490 quarum
752 3404 904 3469 virtutem
933 3405 1114 3468 monstravi
1141 3405 1179 3468 de
1203 3406 1279 3470 crisi
1340 3464 1343 3470 .

132 3507 181 3574 Pl.
204 3532 236 3594 p.
262 3510 334 3576 155.
358 3512 420 3575 531
434 3534 503 3596 sqq.
528 3511 659 3597 [Opusc.
678 3511 757 3595 phil.
775 3509 808 3574 11
826 3533 856 3594 p.
876 3511 905 3574 4.
928 3512 987 3574 121
1001 3513 1099 3595 sqq.]:
1124 3534 1204 3596 quas
1224 3513 1279 3597 qui

133 3616 167 3680 in
191 3614 482 3702 Francogallorum
511 3620 608 3683 terris
631 3617 770 3683 fortasse
796 3617 986 3701 superstites
1010 3617 1188 3703 indagarit,
1215 3619 1279 3683 dici

131 3724 248 3807 nequit
268 3746 365 3808 quam
384 3725 428 3789 sit
446 3723 485 3790 de
504 3724 621 3790 Plauto
640 3724 722 3787 bene
741 3723 923 3787 meriturus.
962 3722 1051 3798 Quae
1073 3726 1279 3790 membranae

222 3969 252 4040 ¹⁸)
272 3971 327 4041 [Cf.
347 3972 448 4041 Opusc.
468 3972 536 4042 phil.
556 3970 596 4025 111
614 3989 641 4041 p.
662 3970 734 4042 ne]

205 4061 251 4130 1*1)
270 4060 322 4116 Η13
340 4079 375 4116 ne
389 4062 451 4131 quis
467 4064 597 4131 quartum
611 4061 705 4129 addat,
724 4077 807 4131 quem
821 4060 850 4114 in
865 4059 1008 4114 Marciana
1020 4060 1202 4129 bybliotheca
1215 4062 1279 4118 Flo·

132 4149 245 4204 reatina
268 4149 352 4205 hodie
377 4153 486 4206 exstare
509 4150 644 4205 Henricus
667 4149 1196 4220 11311113133131133131111Ρ111131331
1219 4154 1238 4205 t
1267 4153 1280 4205 1

132 4256 159 4308 p.
182 4244 241 4306 182,
265 4239 409 4295 sciendum
433 4242 476 4294 est
497 4239 662 4308 typothetae
686 4237 756 4294 vitio
774 4238 855 4292 illum
875 4237 914 4292 Xl
933 4238 1037 4293 33331111
1056 4255 1116 4294 3333
1137 4239 1204 4311 legi,
1232 4241 1280 4310 qui

132 4326 169 4381 311
188 4324 257 4382 ΧΨ.
295 4326 351 4382 Sed
369 4327 424 4382 duo
444 4344 510 4381 sane
530 4325 580 4381 alii
597 4327 712 4381 tabulae
730 4344 814 4396 supra
832 4327 940 4396 positae
959 4326 1027 4382 olim
1051 4328 1173 4383 addendi
1191 4334 1280 4402 erunt,

132 4432 203 4486 qnos
228 4432 304 4470 nunc
323 4416 450 4472 consulto
469 4415 651 4488 praetermisi
