2962 5032
166 307 229 370 712
390 320 620 369 aararursorra
645 308 865 387 nuscuntur,
889 320 1086 386 anaassru,

164 488 258 530 usum
282 466 402 530 saeculi
426 465 507 529 vitio
535 463 570 528 in
592 463 660 529 dies
683 463 925 548 periclitantem
946 463 958 548 l
981 463 1164 528 salutariter
1182 487 1268 549 propa

164 573 257 658 genti
273 572 284 657 ΙΙ
302 576 371 638 tarn
393 571 574 636 luculenter
597 573 796 635 sustentatos
819 571 959 636 honores
983 571 1248 656 quinquagenarios
1263 586 1270 654 ξΙ
1340 598 1343 625 ι

164 679 270 745 Nonis
293 678 420 744 Martiis
445 694 755 745 aolorocccaxxm
772 677 784 762 ss
802 700 840 742 ex
863 678 974 743 animo
996 677 1177 764 gratulatur
1191 678 1201 760 l
1214 677 1270 741 mul·

165 787 335 868 torumque
363 806 521 850 annorum
549 783 688 848 salutem
710 782 962 868 prosperitatem
986 783 1222 866 duraturamque
1238 783 1271 848 hi·

164 891 328 956 laritatem
346 889 357 974 ΙΙ
375 891 570 956 amicissime
585 892 717 973 exoptat
733 890 744 974 11
762 889 942 955 Fridericns
957 889 1085 955 Ritschl
1103 889 1114 973 ΙΙ
1131 890 1201 955 olim
1212 889 1270 954 Bor·

165 1001 286 1083 nensis,
313 1020 399 1062 nunc
423 1019 504 1062 unus
533 995 798 1081 eLipsieusibus
826 996 855 1061 si
882 995 931 1060 fas
960 1000 1011 1061 est
1039 997 1142 1062 dicere
1163 1017 1271 1076 γραμμα·

165 1127 270 1171 ruore.

713 1353 763 1418 14.

167 1495 366 1580 Auschlag
389 1517 431 1558 zu
456 1493 520 1558 der
540 1493 650 1558 Feier
673 1516 745 1559 von
763 1494 926 1559 Fichte's
949 1494 1274 1579 hundertjihrigem

456 1600 693 1685 Geburtstag
717 1597 783 1687 (19.
807 1599 881 1665 Mai
908 1601 1016 1686 1862).

253 1743 483 1810 Vniversitatis
498 1742 524 1806 F
526 1743 691 1808 ridericiae
711 1741 905 1808 Guilelmiae
923 1744 1100 1809 Rhenanae
1117 1745 1128 1827 ll
1146 1742 1278 1809 Rectoret

166 1850 304 1915 Senatus
322 1850 333 1932 ΙΙ
351 1848 593 1914 Professoribus
616 1848 814 1914 Ductoribus
839 1847 972 1915 Civibus
990 1851 1001 1934 ΙΙ
1018 1848 1051 1914 S.

252 1956 348 2021 Diem
371 1957 492 2021 instare
515 1957 618 2021 nostis
642 1957 739 2040 longe
762 1957 1074 2041 auspicatissimum,
1103 1980 1166 2042 quo
1189 1955 1281 2023 abhuc

166 2069 295 2128 centum
314 2085 417 2128 annos
436 2085 535 2127 unum
554 2085 571 2127 e
590 2064 879 2147 praestantissimis
899 2067 1002 2129 mater
1015 2063 1189 2130 Germania
1205 2063 1285 2128 filiun

167 2171 340 2256 progenuit
361 2169 372 2251 ΙΙ
393 2169 549 2234 loannem
574 2169 792 2254 Theophilum
815 2169 929 2235 Fiohte
946 2170 957 2253 ΙΙ
975 2171 1078 2245 virum
1103 2172 1224 2237 bonum
1241 2170 1288 2234 lor·

88 2264 96 2282 '
166 2284 233 2344 tem
256 2276 436 2361 sapientem
461 2276 631 2360 imprimis.
664 2274 763 2340 Cuius
787 2277 882 2340 simul
902 2280 999 2361 atque
1017 2300 1138 2343 nomeu
1157 2279 1196 2343 ad
1215 2297 1291 2344 aures

166 2384 327 2467 acciderit,
349 2405 415 2449 nou
438 2383 669 2467 philosophum
692 2387 818 2448 tantum
841 2384 1024 2468 cogitamus
1047 2385 1081 2448 in
1105 2386 1217 2469 paucis
1237 2383 1294 2448 sub

165 2492 258 2556 tilem
286 2495 382 2574 atque
409 2491 626 2574 ingeniosum,
658 2512 724 2555 non
751 2489 942 2573 scriptorem
969 2490 1102 2556 uberem
1126 2496 1160 2557 et
1183 2493 1298 2576 elegan-

165 2603 245 2681 tem,
273 2619 338 2662 non
362 2601 523 2661 oratorem
547 2597 722 2661 facundum
746 2601 779 2660 et
801 2596 1013 2679 luculentum,
1036 2620 1102 2662 non
1125 2603 1300 2683 praecepto

166 2726 234 2768 rem
258 2724 388 2766 suavem
409 2701 643 2785 valentemque,
667 2702 721 2765 sed
741 2702 827 2765 vitae
847 2707 954 2785 partes
974 2726 1086 2769 omnes
1107 2706 1301 2790 complexum

166 2810 361 2894 magistrum
389 2809 602 2872 humanitatis
631 2808 840 2891 suspicimur,
874 2810 928 2873 sed
957 2812 1108 2875 veritatis
1137 2813 1171 2875 iu
1197 2814 1303 2896 quovis

167 2938 284 3001 genere
308 2921 475 2979 strenuum
500 2920 783 2998 propugnatorem,
806 2916 861 2979 sed
881 2916 1025 2981 iustitiae
1046 2918 1208 2982 vindicem
1229 2941 1305 2983 acer·

69 3033 73 3039 '
167 3024 298 3103 riarum,
331 3021 386 3085 sed
418 3021 490 3085 fidei
524 3021 731 3086 liberalitatis
765 3022 982 3106 simplicitatis
1016 3024 1184 3089 custodem
1214 3030 1305 3109 atque

167 3133 308 3192 tutorem
338 3128 596 3211 integerrimum,
626 3128 681 3191 sed
709 3151 835 3192 morum
859 3129 1099 3195 emendatorem
1123 3132 1223 3216 louge
1246 3133 1306 3196 effi·

167 3234 378 3299 carissimum.
424 3233 504 3297 Tam
533 3237 642 3297 autem
666 3256 757 3298 rarae
782 3236 910 3299 virtutis
935 3237 984 3299 vis
1008 3259 1080 3301 cum
1105 3237 1145 3300 ad
1168 3241 1307 3322 patriam

166 3341 394 3423 civitatemque
418 3339 601 3403 universam
626 3341 795 3424 pertineat,
819 3346 888 3405 turn
912 3343 1059 3425 proximo
1083 3365 1155 3407 eam
1181 3345 1307 3409 viuculo

167 3471 240 3512 cum
259 3447 379 3512 nostris
398 3446 578 3511 rationibus
599 3447 758 3511 contineri
779 3449 947 3530 sentimus,
971 3449 1025 3532 qui
1045 3449 1165 3514 eisdem
1193 3453 1308 3535 quibus

167 3555 220 3618 ille
250 3556 446 3637 optimarum
475 3554 593 3617 artium
622 3554 735 3618 studiis
764 3556 865 3619 vitam
890 3555 1159 3620 consecravimus.
1207 3557 1308 3622 Nobis

167 3662 268 3746 igitur
297 3662 380 3745 quod
409 3665 538 3746 praeter
566 3665 689 3726 ceteros
713 3662 884 3747 proposuit
906 3662 1066 3726 humanae
1090 3666 1308 3746 praestantiae

167 3768 348 3851 exemplum
372 3791 504 3852 prorsus
529 3768 701 3853 singulare,
724 3769 808 3832 idem
833 3770 874 3833 ab
898 3769 1018 3833 eisdem
1036 3775 1167 3851 praeter
1186 3775 1308 3836 ceteros

166 3875 229 3939 coli
253 3875 483 3958 observarique
507 3896 566 3958 par
590 3877 649 3940 est.
681 3873 838 3949 Quocirca
861 3874 957 3938 huius
981 3875 1205 3940 universitatis
1229 3876 1308 3941 Rhe

167 4003 269 4044 nanae
294 3984 326 4044 et
349 3980 456 4045 officio
481 3983 514 4043 et
537 3979 688 4063 dignitati
713 3978 933 4063 defuisscmus,
956 3982 1019 4046 nisi
1039 3987 1171 4046 sanctae
1191 4005 1309 4048 memo

166 4087 232 4150 riae
261 4086 450 4151 Fichtianae
479 4087 693 4151 communiter
721 4087 993 4151 concelebrandae
1021 4089 1309 4171 prospexissemus

166 4192 255 4277 Ergo
279 4193 319 4257 ad
344 4192 532 4257 audiendam
557 4191 738 4257 orationem
757 4193 920 4275 publicam
940 4216 998 4258 vos
1018 4194 1206 4278 invitamus,
1230 4221 1293 4280 (pua

167 4299 217 4361 die
254 4299 329 4364 xlx
360 4299 456 4362 huius
484 4298 605 4362 mensis
633 4297 715 4361 hora
743 4297 788 4362 XI
824 4299 858 4362 in
886 4300 962 4364 aula
989 4321 1110 4385 magna
1136 4302 1148 4384 l
1174 4304 1310 4388 conlega

166 4408 276 4467 noster
304 4405 515 4489 gravissimus
545 4403 749 4469 Christianus
777 4405 947 4491 Augustus
979 4406 1131 4490 Brundis,
1164 4409 1309 4493 philoso-
