2962 5032
424 246 689 295 nununuurours
713 247 920 294 universus.
989 263 993 269 ι
1178 232 1243 294 403

188 387 240 452 Ne
263 387 434 473 exprobra,
460 393 567 473 pater:
599 390 702 454 multa
727 390 882 454 eueniunt
904 389 1042 472 hdmini,
1071 410 1152 473 quae
1175 390 1245 453 uolt

952 497 1034 579 quae
1056 496 1177 560 neuolt

100 634 246 712 Quorum
270 637 375 720 primo
399 637 504 703 deleto
527 659 575 702 mc
598 640 656 702 aut
672 643 766 720 puter
787 619 837 701 hic
859 638 925 701 iam
947 637 1078 718 offcrulel
1100 641 1157 701 aut
1178 639 1244 702 icus

98 742 150 806 liic
171 742 264 825 pdter
292 743 423 824 offendet
448 745 551 810 scribe
562 742 607 831 *):
640 746 742 810 altero
765 746 814 809 vel
843 744 897 809 Ne
909 749 1001 827 poter
1023 745 1244 828 aeyritddinem

99 850 158 913 tibi
184 849 261 914 licet
288 851 338 915 vel
366 851 469 916 lenius
497 851 548 916 Ne
574 851 797 934 adoritudiuc'm
825 852 882 916 tui
901 856 994 933 poter
1021 854 1244 940 transponere,

99 957 151 1022 vel
179 957 358 1023 rectissime
388 958 530 1023 omnium
555 959 604 1023 Ne
631 958 852 1041 wladimire
870 963 961 1040 poter
984 956 1114 1044 tui**):
1146 959 1243 1023 tertio

99 1064 152 1128 vel
174 1068 267 1145 pato
293 1063 413 1129 lumini
438 1047 583 1129 eueniunt
608 1064 709 1129 oscilla
736 1064 786 1128 vel
816 1063 983 1148 eliquanto
1007 1067 1039 1128 et
1063 1065 1186 1150 gratius
1211 1068 1244 1128 et

99 1170 278 1234 modestius
302 1171 395 1253 puter
423 1171 522 1236 multu
550 1170 670 1262 lromiui
698 1171 855 1236 eueniunt.
899 1171 1037 1235 Restant
1066 1171 1129 1236 duo
1160 1172 1243 1236 sola:

99 1299 184 1362 quae
203 1299 269 1341 non
288 1279 425 1361 possunt
442 1298 519 1342 saue
539 1277 650 1341 eadem
668 1277 795 1342 ratione
814 1278 937 1342 incerta
956 1277 1029 1361 dici,
1046 1276 1243 1343 Bacchidum

98 1382 160 1466 111,
185 1385 215 1466 6,
239 1384 259 1447 3
282 1386 316 1447 et
337 1380 396 1465 ΙΙΙ,
419 1383 450 1469 2,
472 1383 609 1469 20***):

169 1542 232 1610 Sc‘d
255 1542 385 1608 ueniam
408 1542 488 1607 mihi
511 1544 607 1629 quim
630 1547 765 1630 grauate
787 1532 879 1627 pdter
903 1544 992 1608 dedit
1015 1544 1053 1609 de
1077 1544 1243 1628 Chry'salo.
1322 1520 1325 1524 ⁴
1444 1520 1447 1524 ⁴

166 1640 299 1716 Pdtrem
322 1650 442 1715 sodalis
466 1652 499 1715 et
516 1651 720 1736 magistrum.
742 1651 819 1716 hinc
837 1651 1038 1735 auscultabo,
1060 1653 1158 1737 quam
1175 1675 1243 1717 rem

954 1762 1062 1843 agant.

95 1899 236 1965 Hiscine
260 1899 362 1985 igitur
384 1899 511 1965 duobus
534 1882 678 1965 versibus
702 1900 735 1964 id
757 1899 880 1965 factum
904 1921 973 1964 ease
997 1887 1244 1984 praeter'ratio·

95 2028 178 2071 nem
201 2005 376 2090 credemus,
398 2007 482 2091 quod
506 2007 541 2070 in
564 2007 722 2091 exemplis
746 2029 804 2091 per
827 2006 942 2092 viginti
964 2007 1093 2072 fabulas
1117 2009 1245 2073 circiter

96 2113 289 2198 quingentis
307 2112 430 2178 factum
450 2114 494 2178 sit
512 2117 680 2198 praeterea
700 2113 898 2197 numquam?
922 2117 1017 2198 atque
1036 2113 1069 2178 id
1086 2115 1121 2178 in
1139 2116 1245 2199 primo

96 2241 143 2284 ne
167 2219 207 2284 ab
231 2219 324 2287 initio
348 2220 478 2305 quidem
500 2241 627 2302 versus,
654 2219 688 2284 iu
719 2221 820 2284 altero
845 2219 950 2303 magis
974 2220 1071 2285 etiam
1096 2226 1244 2306 suspecta

97 2324 262 2409 ecthlipsi,
282 2326 368 2410 quod
387 2349 407 2391 a
424 2326 549 2391 duabus
569 2326 821 2391 consonantibus
842 2326 946 2390 altera
964 2325 1092 2409 syllaba
1110 2326 1244 2411 incipit?

96 2430 220 2498 Credat
251 2433 308 2516 qui
338 2433 468 2517 poterit
512 2433 559 2498 Et
590 2433 638 2497 illi
671 2432 799 2517 quidem
831 2432 936 2497 versui
971 2434 1023 2496 sat
1054 2433 1244 2497 concinnam

97 2538 242 2622 speciem
264 2537 331 2602 ium
353 2537 559 2604 Hermannus
581 2537 739 2602 restituit:

191 2680 252 2747 de
274 2680 329 2745 ille
351 2680 481 2745 ueniam
504 2680 601 2765 quam
624 2683 758 2764 manate
781 2678 867 2744 mihi
890 2679 979 2744 dedit
1002 2681 1040 2745 de
1064 2679 1236 2763 Chry'salo:

99 2823 242 2888 alterum
265 2822 332 2889 fors
355 2823 426 2888 fuat
448 2845 490 2888 an
512 2825 609 2908 poeta
633 2822 678 2886 sic
700 2820 837 2886 dederit:

190 2953 255 3031 Mli
278 2969 405 3051 patrem
428 2963 549 3030 sodalis
573 2968 606 3029 et
629 2960 833 3049 magistrum.
871 2966 1031 3050 ausculto,
1054 2967 1150 3051 quim
1175 2989 1243 3032 rem
1259 2989 1332 3031 cmx

954 3077 1062 3157 agant

99 3181 272 3247 Postremo
294 3177 501 3285 Phormiouis
523 3175 579 3262 IV,
602 3177 633 3262 2,
659 3179 712 3242 11:

190 3321 290 3388 Pater
311 3322 410 3388 uenit.
456 3320 512 3386 sed
536 3319 612 3405 quid
636 3320 790 3404 pertimui
814 3324 922 3385 autem
946 3320 1046 3384 be‘lua

101 3489 169 3532 uon
201 3465 313 3530 dubito
347 3465 424 3549 quin
456 3468 513 3530 aut
534 3465 588 3529 scd
615 3466 672 3527 aut
699 3465 802 3526 autem
828 3462 988 3545 particula
1016 3461 1122 3526 deleta
1151 3460 1246 3526 Pater

99 3573 189 3638 uiuit
211 3570 485 3656 pronuntiandum
510 3571 562 3635 sit.

209 3800 234 3871 ⁸)
255 3801 332 3873 [nom
353 3800 412 3856 iam
433 3800 478 3855 lu‘c
500 3800 616 3868 offendet
640 3798 755 3853 ‘deletis
778 3795 974 3868 glossemalis'
994 3794 1024 3850 in
1043 3795 1165 3851 editione
1184 3795 1246 3850 Rie-

101 3890 224 3946 schelius
243 3889 341 3962 dedit]
623 3935 634 3946 ,.

191 3979 232 4047 **)
252 3979 344 4051 [nai
367 3979 478 4034 veniam
499 3977 587 4032 habet
611 3977 768 4046 correptum
788 3980 871 4044 puter
895 3975 933 4043 (h.
953 3991 976 4030 e.
991 3979 1066 4046 μεθ’
1086 3991 1142 4030 uon
1157 3976 1246 4045 potr),

99 4072 133 4125 ut
150 4087 177 4124 v.
196 4075 258 4137 361,
276 4070 372 4123 tamen
389 4067 484 4123 nescio
502 4084 539 4121 au
557 4066 656 4134 lenius,
675 4083 739 4120 cum
757 4068 852 4135 posset
870 4064 1084 4136 simplicissime,
1104 4063 1248 4133 scripserit

100 4160 188 4230 poeta
206 4157 281 4226 quod
299 4156 367 4213 olim
386 4157 480 4228 posui,
507 4155 537 4210 id
551 4154 637 4224 'quod
655 4155 718 4224 ipsa
736 4155 921 4210 collocutione
940 4155 1088 4210 verborum
1106 4168 1246 4208 commen-

100 4247 164 4304 dari
183 4247 313 4303 videtur!
334 4246 436 4319 Trin.²]

174 4337 230 4406 l²⁸)
252 4336 304 4407 [Cf.
324 4336 425 4407 Opusc.
444 4335 513 4406 phil.
533 4335 572 4389 IV
590 4352 618 4404 p.
636 4339 689 4389 404
707 4335 814 4404 annot]

981 4420 1032 4477 26*
