2962 5032
147 262 212 326 422
436 273 700 323 naoanoonnnn
722 273 769 320 nn
792 271 1001 320 aamomavs

235 419 331 486 Nunc
359 418 424 482 iam
453 417 596 482 animum
624 415 685 479 huc
714 437 839 498 omnes,
866 417 949 500 quae
977 415 1104 499 loquar,
1133 412 1307 478 aduertite

147 545 256 610 nescio
281 566 321 609 an
345 543 472 609 defendi
497 543 602 628 possit
623 543 682 607 buc
699 564 778 624 querc
801 541 911 623 loquo-r
933 540 1055 604 dictum
1079 560 1140 624 pro
1164 540 1210 603 ud
1228 538 1307 603 haec

147 673 226 734 quae
250 651 370 732 honor:
394 651 480 735 quod
504 651 533 714 si
556 649 639 714 nihil
662 649 714 726 sit,
738 648 844 713 deleto
868 667 970 713 eirenes
993 647 1093 711 scribi
1115 645 1247 729 poterit

237 774 332 839 Nunc
359 775 424 837 iam
452 773 594 837 animum
622 772 686 837 huc
709 772 749 836 :id
777 794 828 855 ea,
858 793 940 856 quae
964 770 1094 854 loquar,
1118 767 1307 833 aduertite:

148 922 225 965 nam
250 900 392 964 omnium
417 898 549 963 minime
571 898 769 982 placiturum
792 899 836 963 sit

238 1021 333 1088 Nunc
352 1024 417 1089 iam
442 1028 553 1091 omues
578 1023 721 1088 animum
745 1023 785 1086 ad
809 1024 847 1087 e‘a
869 1043 951 1107 quae
980 1021 1096 1106 loquar
1123 1019 1307 1085 admittite.

151 1166 228 1234 Sine
248 1168 337 1233 omni
356 1171 463 1232 autem
482 1166 685 1232 dubitatione
699 1165 779 1230 haec
794 1168 871 1229 suut
885 1164 1003 1248 Amph.
1017 1163 1059 1248 ΙΙ,
1075 1164 1102 1248 1,
1117 1164 1149 1227 9.
1166 1161 1206 1243 V,
1227 1163 1306 1244 1,4:

239 1309 365 1375 Tame'n
388 1309 465 1394 quin
489 1309 599 1391 equor
622 1309 702 1372 haec
725 1305 775 1371 uti
797 1306 883 1371 facta
907 1311 983 1370 sunt
1006 1306 1069 1371 hic.

239 1415 309 1481 Iam
339 1424 375 1483 ut
403 1416 576 1497 opprimor,
606 1418 644 1477 ut
672 1413 790 1479 enicer:
821 1436 871 1477 me
900 1409 1064 1496 miseram,
1095 1411 1174 1497 quid
1203 1432 1303 1497 agam

790 1543 906 1586 nescio.

152 1668 275 1744 Quibus
298 1688 392 1748 nunc,
415 1670 588 1750 postquam
612 1666 651 1730 de
674 1664 886 1747 productione
910 1665 990 1729 satis
1013 1668 1157 1747 constat,
1182 1663 1302 1728 addere

153 1778 268 1855 suapte
291 1775 409 1836 natura
433 1771 623 1856 ambiguum
647 1769 828 1853 exemplum
852 1770 964 1834 licebit
988 1770 1083 1834 Poen.
1108 1770 1147 1852 V,
1172 1772 1201 1855 6,
1226 1772 1262 1834 4:

242 1915 287 1979 Vt
311 1917 361 1979 me
385 1914 588 1999 suspendam,
613 1937 653 1979 ne
676 1915 805 1980 addicor
828 1915 1047 1999 Agorastocli:

153 2080 267 2142 parum
295 2058 379 2122 enim
408 2058 539 2143 elegans
565 2059 617 2122 vel
645 2059 755 2142 potius
783 2056 932 2121 horridus
961 2056 1023 2121 istc
1047 2056 1090 2120 sit
1113 2056 1301 2123 tribrachus

154 2187 193 2229 ex
215 2165 356 2229 alde-cur
377 2165 444 2248 cipri
468 2165 675 2249 compositus.
720 2164 782 2229 Sed
807 2163 1004 2228 Menaechm.
1027 2162 1069 2246 Il,
1092 2165 1122 2245 3,
1149 2165 1190 2228 10
1213 2168 1301 2229 recte

153 2275 190 2335 ut
217 2271 345 2336 videtur
372 2271 578 2336 Hermannus
606 2271 710 2335 Elem.
734 2271 834 2335 doctr.
858 2274 950 2335 metr.
973 2292 1004 2352 p.
1027 2270 1093 2334 395
1116 2271 1299 2354 anapaesti·

154 2401 227 2443 oum
256 2378 420 2463 discripsit
446 2400 529 2442 :seruc
555 2381 624 2442 curn
652 2378 755 2460 (addo,
784 2378 925 2459 alloquor
947 2377 1038 2441 viltro.
1061 2412 1104 2422 —
1127 2375 1198 2440 Iam
1223 2399 1298 2442 vero

154 2485 270 2550 melius
299 2486 413 2569 opinor
439 2485 628 2568 perspicies,
656 2507 754 2568 quam
784 2485 966 2567 corrigendi
996 2505 1094 2566 opera
1122 2485 1152 2548 ei
1176 2505 1298 2548 succes-

155 2592 247 2675 serit,
274 2593 329 2676 qui
358 2592 434 2656 dum
462 2614 496 2656 se
526 2591 595 2655 vult
617 2592 764 2656 criticum
787 2589 913 2672 haberi,
941 2590 1026 2655 hunc
1049 2589 1082 2653 in
1107 2589 1298 2655 Trinummo

155 2700 275 2764 bellum
299 2699 494 2764 versiculum
518 2699 583 2762 540
607 2697 768 2781 procudit:

244 2840 322 2906 Sues
347 2842 466 2925 angina
489 2842 671 2904 moriuntur
694 2843 866 2903 acerrume.

245 2981 332 3048 Satis
356 2988 435 3069 puto
461 2983 619 3067 apparuit,
642 2982 724 3047 nihil
743 2983 803 3046 sibi
824 2983 990 3065 proprium
1010 2982 1129 3047 habere
1148 2988 1298 3048 naturam

156 3112 173 3151 r
202 3090 329 3153 litterae
358 3090 479 3173 finalis,
508 3111 570 3173 quo
598 3109 806 3173 praegressae
835 3090 955 3153 vocalis
984 3091 1127 3154 brevitas
1154 3091 1299 3154 intende·

157 3199 256 3259 retur.
292 3194 360 3259 Neo
383 3197 487 3280 magis
507 3196 538 3259 id
557 3198 591 3259 in
611 3195 692 3260 alias
711 3200 924 3260 consonantes
944 3197 1038 3260 cadit.
1077 3197 1198 3271 Quodsi
1214 3199 1301 3278 fusis

155 3301 263 3381 feceris
290 3302 446 3384 producta
472 3301 589 3365 ultima
617 3305 770 3385 usurpata
794 3311 878 3385 sunt,
908 3308 1021 3367 contra
1044 3308 1141 3386 atque
1167 3305 1199 3368 in
1221 3306 1301 3385 fucis

12 3409 263 3489 ‹axxxnsaciu's
289 3409 402 3488 fecistis
429 3409 549 3472 urrrobis
576 3408 710 3485 factum,
739 3430 777 3471 ex
806 3409 908 3491 ipsius
936 3409 1056 3472 vocalis
1079 3417 1197 3473 natura
1221 3410 1301 3474 illud

157 3515 280 3598 pariter
308 3521 404 3597 atque
433 3515 466 3577 in
492 3514 639 3578 aeclissis
666 3516 730 3578 edis·
756 3516 827 3579 (luis
854 3536 936 3579 orum
968 3517 1050 3597 lepris
1077 3516 1153 3598 lepes
1185 3518 1301 3600 lepores,

159 3627 255 3706 atque
278 3621 358 3685 adeo
383 3622 417 3684 in
440 3622 550 3702 loqrtur
571 3643 671 3685 eruerer
690 3622 793 3705 repeti
812 3626 844 3685 et
864 3624 947 3688 ratio
967 3624 1055 3706 cogit
1074 3628 1106 3686 et
1124 3624 1301 3705 productae

158 3731 326 3792 dixeramus
349 3728 489 3792 diaeta
512 3728 635 3793 formae
664 3728 777 3793 iubent
801 3730 1005 3813 antiquitatis
1030 3731 1187 3814 propriae.
1234 3731 1301 3795 Nec

159 3834 402 3918 productionem
431 3835 538 3918 potius
568 3841 579 3897 t
606 3836 716 3898 littera
739 3835 849 3899 finitae
879 3835 989 3900 breves
1018 3838 1177 3922 syllabae,
1205 3863 1300 3924 quam

159 3943 237 4006 item
261 3941 411 4025 primitus
435 3941 608 4025 productae
628 3944 862 4024 correptionem
882 3964 997 4026 passae
1017 3949 1099 4006 sunt.
1133 3945 1218 4009 Nam
1239 3948 1302 4010 nisi

160 4072 232 4114 mea
256 4073 306 4114 me
330 4050 516 4115 coniectura
539 4049 589 4112 vel
614 4051 723 4133 potius
747 4051 955 4114 ratiocinatio
980 4050 1073 4132 fallit,
1098 4050 1192 4134 idem,
1217 4052 1301 4136 quod

161 4156 194 4220 in
223 4156 361 4240 primam
392 4160 425 4220 et
455 4155 641 4239 secundam,
678 4157 776 4220 etiam
805 4157 839 4218 in
868 4157 998 4220 tertiam
1027 4179 1198 4240 personam
1227 4181 1302 4224 con-

161 4263 377 4327 iunctivorum
401 4263 495 4326 cadit.
541 4260 633 4326 Vnde
657 4262 795 4326 efficitur
820 4262 920 4326 multo
945 4262 1044 4326 latius
1068 4269 1192 4345 patere,
1217 4265 1301 4348 quod

161 4390 225 4433 non
249 4391 380 4452 prorsus
399 4369 484 4453 fugit
503 4369 743 4453 grammaticos,
765 4374 802 4433 ut
822 4367 981 4452 Boppium
1002 4370 1144 4434 Gramm.
1163 4392 1301 4453 compar.
