2962 5032
487 310 751 358 nnannarronns
776 311 982 359 rnavrmaa.
1245 297 1310 360 313

178 453 408 538 lntverpianse
427 452 505 517 anni
524 470 710 537 crolonxvr,
733 452 819 538 quod
838 454 1003 539 signalum
1023 458 1072 519 est
1086 455 1183 520 XXI.
1198 456 1312 521 Barla.

173 559 208 625 D.
229 564 273 624 2:
302 557 454 624 Salmasii
483 559 739 643 emendationes,
767 582 903 644 quarum
933 583 1008 644 pars
1037 563 1102 626 iam
1131 584 1150 625 a
1178 561 1311 627 Batavis

172 666 346 732 editoribus
373 663 562 730 Boxhornio
586 671 619 730 et
642 665 807 732 Gronovio
836 672 1088 733 commemorata
1116 673 1178 751 est,
1206 668 1312 734 Taub-

170 773 318 838 manniae
335 773 458 857 primae
482 774 664 857 exemplum
679 773 756 838 XX.
774 775 817 839 B.
831 795 857 838 o.
875 779 948 839 174.
973 772 1181 860 Scaligerana
1204 779 1312 841 autem

170 903 185 944 e
208 883 365 965 quattuor
386 879 532 946 fontibus
555 879 648 964 petii:
671 879 904 963 praestiterunt
926 882 1013 946 enirn
1033 882 1229 966 caprimum
1248 881 1312 947 duo

166 987 221 1052 illa
245 986 406 1071 exempla,
430 1008 567 1071 quorum
591 987 626 1051 in
648 986 798 1072 Parergis
821 1010 852 1071 p.
876 988 998 1072 575sq.
1022 988 1219 1053 mentionem
1242 989 1313 1070 feci,

166 1095 306 1160 alterum
338 1093 416 1158 item
449 1093 684 1177 Antverpiense
718 1093 861 1159 eiusdem
891 1095 980 1179 anni,
1015 1095 1180 1179 signatum
1207 1095 1312 1160 XIII.

166 1200 208 1266 D.
230 1204 308 1284 204,
330 1200 470 1265 alterum
493 1198 681 1265 Basileense
705 1222 743 1265 ex
767 1199 908 1265 editione
932 1199 1108 1266 Camerarii
1127 1225 1147 1266 a
1165 1201 1312 1266 Fabricio

166 1308 300 1390 iterata,
328 1310 439 1371 notam
468 1305 591 1371 habens
618 1307 724 1371 XIII.
749 1306 784 1371 0.
811 1311 897 1372 244:
925 1308 1061 1372 accessit
1088 1307 1245 1373 Leidense
1274 1331 1311 1373 ex

166 1412 352 1478 recensione
371 1412 512 1478 Dousica
531 1413 607 1478 anni
627 1430 866 1495 crurouxxxrrr,
889 1415 967 1479 olim
986 1414 1122 1479 Adriani
1141 1414 1313 1498 Francisci‚

167 1545 251 1589 nunc
279 1521 388 1586 XIII.
407 1519 450 1585 D.
472 1525 547 1603 203,
574 1542 647 1586 cum
675 1521 812 1585 aliorum
840 1526 877 1585 ut
904 1521 1030 1586 videtur
1058 1526 1126 1586 tum
1156 1520 1311 1606 Scaligeri

166 1630 396 1712 correctiones,
424 1627 480 1693 sed
508 1650 563 1692 eas
592 1650 726 1712 paucas,
755 1628 913 1712 ascriptas
941 1628 1073 1693 habens.
1119 1629 1179 1694 His
1204 1633 1312 1694 autem

165 1737 272 1820 libris,
300 1758 381 1820 quos
405 1730 479 1799 rara
502 1734 697 1799 liberalitate
722 1735 893 1800 clarissimi
923 1735 1129 1820 eiusdemque
1153 1737 1313 1801 carissimi

165 1843 288 1908 lacon!
310 1840 433 1906 Garun
456 1842 577 1925 partim
601 1840 688 1906 domi
712 1842 861 1920 tractavi,
885 1842 1004 1927 partim
1027 1841 1144 1907 Leidae
1168 1843 1220 1907 vel
1243 1843 1313 1927 ipse

165 1949 312 2032 excerpsi
339 1949 391 2013 vel
418 1949 524 2013 amica
552 1970 629 2013 cura
661 1948 746 2013 docti
774 1948 901 2013 iuvenis
929 1948 1068 2034 Eugenii
1097 1948 1234 2014 Mehleri
1263 1972 1313 2014 ex·

165 2059 296 2140 cerptos
315 2056 433 2140 accepi,
455 2055 611 2140 largiores
631 2056 729 2119 etiam
749 2056 859 2140 copias
879 2054 1112 2140 Scaligeranas,
1131 2056 1312 2141 exegeticas

166 2163 298 2248 quidem
322 2163 355 2226 in
379 2183 491 2226 omnes
514 2161 712 2246 comoedias,
739 2163 869 2228 criticas
892 2163 928 2228 in
952 2164 1138 2248 plerasque,
1165 2163 1311 2228 novicius

166 2271 266 2335 codex
296 2291 356 2335 ms.
384 2269 471 2334 8185
504 2269 735 2353 bybliothecae
762 2268 886 2354 Regiae
907 2269 1072 2354 praebuit,
1105 2270 1196 2334 euius
1227 2292 1313 2335 nunc

167 2376 352 2460 exemplum
371 2397 550 2460 propensae
564 2376 599 2439 in
613 2398 664 2440 me
679 2375 840 2441 voluntati
854 2375 1016 2441 Theodori
1031 2376 1183 2440 Presselii
1202 2377 1312 2442 debeo

167 2483 372 2567 Quamquam
401 2481 440 2547 de
464 2480 620 2568 Scaligeri
644 2483 811 2548 subitariis
839 2482 924 2548 curis
952 2482 1021 2547 noli
1049 2482 1236 2565 exspectare
1265 2484 1312 2547 ni·

166 2590 282 2654 mium:
301 2612 397 2674 quem
414 2588 547 2655 honoris
566 2612 682 2655 caussa
699 2590 865 2673 aliquanto
880 2589 1008 2672 saepius
1023 2589 1197 2674 nominavi,
1216 2613 1312 2674 quam

166 2697 294 2761 illarum
320 2696 467 2781 ingenita
489 2696 613 2762 indoles
637 2696 797 2782 exigebat.

256 2803 307 2868 Ad
339 2802 478 2868 editores
511 2808 548 2868 ut
576 2803 719 2882 redeam,
752 2803 799 2868 uti
830 2806 904 2867 ante
935 2803 1064 2868 criticos
1094 2803 1169 2869 illos
1200 2826 1311 2869 omnes

167 2910 319 2996 Dionysii
337 2908 498 2993 Laurum,
522 2910 569 2975 ita
592 2913 667 2993 post
690 2932 744 2975 eos
768 2933 924 2995 perquam
947 2909 1366 2975 tumultuarialo.Fri-1.v

165 3016 265 3082 derici
289 3015 463 3082 Gnouovn
488 3037 586 3099 opera
608 3016 683 3094 fuit,
712 3017 803 3081 ouius
826 3017 1004 3101 recognitio
1031 3016 1173 3098 melpotoe
1195 3038 1313 3081 nomen

165 3124 302 3188 invenit.
337 3123 387 3188 De
406 3124 522 3208 quibus
542 3146 598 3189 cur
618 3125 667 3188 ita
681 3124 883 3189 sentiendum
898 3124 950 3207 sit,
965 3124 1045 3188 satis
1060 3123 1193 3206 exposui
1209 3123 1229 3190 l.
1244 3147 1268 3189 s.
1288 3148 1312 3189 s.

166 3254 196 3314 p.
215 3231 280 3296 527
298 3232 440 3312 [=117]
451 3252 520 3315 sqq.
540 3231 604 3295 563
621 3231 762 3312 [=155]
774 3254 842 3315 sqq.
865 3230 915 3294 Ex
929 3231 1063 3315 reliquis
1078 3230 1224 3296 criticam
1239 3253 1312 3315 ope-

165 3359 236 3402 ram
251 3336 369 3401 Plauto
384 3358 519 3421 eamque
537 3358 603 3400 non
622 3359 687 3400 una
710 3337 747 3400 de
771 3358 886 3401 caussa
908 3336 1150 3400 memorabilem
1170 3335 1232 3400 duo
1253 3338 1313 3401 soli

165 3447 337 3527 naverunt,
351 3441 541 3508 Franciscus
566 3443 729 3508 vaauvs
754 3447 785 3506 et
808 3442 843 3507 F.
863 3441 903 3506 H.
922 3442 1079 3508 Boufflvs
1104 3447 1243 3525 nostras,
1266 3444 1312 3507 in-

166 3550 253 3636 genii
273 3554 307 3614 et
325 3573 385 3615 usu
405 3553 437 3613 et
451 3549 554 3614 abusu
569 3544 699 3614 similes.
737 3547 785 3613 De
800 3549 916 3633 quibus
931 3571 994 3613 non
1010 3548 1121 3614 dubito
1137 3550 1215 3632 quin
1234 3549 1314 3613 satis

165 3657 344 3722 honorifice
368 3678 519 3721 sensurus
544 3657 600 3740 sit,
627 3657 682 3742 qui
711 3679 748 3720 ex
778 3656 999 3721 annotationis
1027 3659 1153 3720 tantum
1183 3662 1313 3721 nostrae

166 3763 362 3843 testimoniis
386 3763 539 3827 iudicium
562 3763 674 3828 faciat:
698 3767 766 3826 tam
790 3762 840 3826 vel
865 3761 1002 3825 feliciter
1025 3762 1156 3826 inventa
1175 3763 1226 3826 vel
1251 3763 1313 3827 sol·

167 3871 267 3937 lerter
291 3871 474 3956 excogitata
497 3870 538 3935 ad
556 3871 630 3935 illos
650 3869 760 3934 referri
781 3867 900 3933 viderit
917 3890 983 3932 non
1003 3867 1083 3933 adeo
1102 3890 1214 3951 pauca.
1252 3868 1314 3934 Sed

168 3978 343 4045 eorundem
372 3976 588 4061 reputandum
617 3981 667 4041 est
693 3977 788 4061 longe
816 3975 909 4059 plura
937 3978 1118 4039 commenta
1144 3976 1238 4040 nobis
1267 3980 1314 4040 ta-

167 4084 269 4151 cenda
295 4083 408 4168 fuisse,
437 4084 554 4168 quibus
578 4105 673 4167 saepe
697 4082 892 4164 temeraria,
919 4102 1015 4163 saepe
1039 4081 1213 4167 imperitis,
1235 4105 1313 4148 nou·

167 4212 348 4277 numquam
370 4190 603 4257 incredibiliter
625 4190 784 4274 perversis
813 4192 910 4272 atque
939 4187 1017 4253 adeo
1046 4190 1243 4271 portentosis
1274 4225 1312 4234 —

335 4320 399 4365 mm
427 4297 515 4364 enim
544 4297 733 4363 clementius
765 4294 905 4360 iudicare
940 4331 976 4339 -
1011 4294 1129 4359 bonum
1162 4294 1314 4358 Plautum

488 4407 559 4471 *am
582 4404 664 4471 miro
688 4403 739 4469 illi
761 4406 1016 4486 temperamento
1041 4425 1121 4468 sana
1150 4401 1313 4466 futtilibus
