2962 5032
308 333 379 380 UND
402 332 464 380 mn
487 331 673 379 nmmum
696 330 1016 379 PLAUTUSSTUDIEN.
1192 313 1235 378 83

86 470 211 526 Gedicht
232 472 276 527 010
294 471 428 543 Zeugniss
445 472 495 527 der
513 470 716 527 Freundschalt
733 471 864 526 Werler’s
889 470 943 526 mit
964 471 1081 540 Ηο0000,
1099 469 1146 526 die
1166 477 1234 527 1513

84 559 133 614 bei
152 560 252 615 (100000
267 559 396 615 Studium
415 560 445 615 in
458 558 574 630 Leipzig
592 559 731 630 entetand,
750 558 1233 630 11110010Γο010101100100000110001
1317 611 1319 616 .

86 649 233 704 bierunter
251 649 355 721 folgen
392 649 422 706 C.
441 649 499 719 W.]

312 826 346 882 H.
364 826 496 883 Eobauus
515 827 579 883 Hes.
599 827 665 884 vito
685 827 820 884 Vnerlerc
838 844 888 883 suo
907 844 947 882 sa.
967 826 1004 881 di.
1051 790 1055 799 Ι

87 968 186 1023 Dulcis
204 968 347 1025 amicitiae
364 971 478 1025 0001000
497 987 604 1041 comes,
623 970 705 1026 unica
722 963 807 1026 ’00000

161 1057 319 1114 Fidelitatis
337 1058 437 1131 glorie,

87 1144 205 1214 Optima
222 1162 286 1216 pers
303 1147 379 1202 vitae
397 1147 531 1217 melioris,
550 1148 670 1217 denique
688 1148 755 1216 viia,

164 1236 250 1290 Beate
268 1237 343 1306 Vite,
361 1236 483 1293 candida

87 1323 178 1389 Quem
196 1340 277 1378 nemo
295 1325 388 1381 bonus
406 1326 475 1393 odit,
495 1328 593 1380 amant
610 1326 778 1381 venerantur
795 1326 934 1380 honorant

165 1412 328 1481 Quicunque
345 1431 403 1470 000
421 1417 487 1470 0001
504 1414 632 1486 pessimi:

91 1501 150 1555 Sub
168 1501 212 1567 (In
231 1501 327 1570 Farr.)
345 1503 430 1559 viridi
448 1503 528 1559 nobis
547 1520 635 1574 nuper
653 1503 844 1573 spaciantibus
862 1504 962 1559 umbra

160 1589 280 1660 Propter
298 1593 483 1648 000000001010
502 1610 590 1663 equas

87 1679 234 1747 Multaque
252 1678 288 1733 de
307 1679 407 1735 studiis
425 1684 559 1737 00000010
577 1698 654 1736 more
673 1680 796 1752 loquutis

159 1768 202 1822 De
220 1766 308 1823 livido
326 1784 417 1824 sermo
435 1768 543 1825 incidit.
719 1757 724 1763 ’

86 1857 209 1923 Questus
227 1873 289 1912 0000
307 1855 442 1926 (memini)
462 1873 545 1927 quam
566 1858 595 1912 te
614 1855 675 1912 sine
694 1857 809 1913 crimine
827 1857 900 1913 livor

160 1945 254 2001 110000
273 1946 425 2001 insectetur
443 1945 549 2016 perfido
568 1945 704 2017 (flagellet
722 1944 849 2015 improbo
868 1945 975 2016 Fare).

86 2034 130 2090 Ne
149 2033 258 2091 doleas:
277 2036 366 2091 virtus
384 2036 455 2091 haec
472 2034 599 2105 praemia
617 2035 679 2090 0010
696 2037 819 2090 meretur

158 2126 242 2196 Apud
259 2125 400 2180 furentem
418 2124 539 2192 Zoilum3

85 2213 168 2269 Vidit
187 2219 217 2269 et
233 2213 355 2270 indoluit
373 2213 490 2270 summis
508 2216 536 2270 te
554 2213 684 2269 laudibus
703 2214 817 2269 auctum

160 2304 212 2358 Ille
231 2302 282 2358 1110
300 2302 427 2372 quisquis
446 2305 566 2373 (cunque
584 2303 681 2372 Fcrr.)
700 2301 826 2372 quisquis
844 2304 893 2357 001.

85 2393 193 2448 Doctus
207 2410 237 2447 00
256 2394 285 2448 01
302 2391 395 2453 facilis
414 2392 496 2447 floret
513 2391 567 2446 tibi
585 2391 679 2462 gratia
697 2391 826 2462 linguae:

160 2481 229 2548 Quis
246 2480 319 2537 livor
336 2482 391 2537 hoc
409 2483 504 2537 tantus
522 2479 615 2536 ferat?

85 2570 182 2627 Comis
202 2573 232 2627 et
247 2570 372 2625 urbanus
390 2586 454 2624 cum
473 2569 512 2624 010
531 2571 717 2639 constansque
735 2567 863 2638 piusque,

158 2661 251 2715 110000
270 2659 353 2714 miser
371 2658 541 2729 depascitur.

85 2752 141 2806 Per
159 2750 229 2818 1000,
247 2765 299 2819 per
317 2747 435 2818 plateas,
454 2765 505 2817 per
522 2749 656 2819 compita,
675 2747 783 2817 templa
800 2747 916 2816 viasque

159 2837 308 2893 Laudatis:
327 2837 381 2892 boc
398 2836 471 2892 livor
489 2837 574 2892 dolet

86 2926 217 2997 Denique
245 2928 347 2988 cuncta
372 2924 427 2981 tibi
459 2943 510 2996 pro
537 2928 603 2982 voto
631 2926 730 2981 cedere
758 2925 805 2995 (ad
831 2928 930 2981 votum
958 2923 1106 2979 succedere
1134 2924 1234 2994 Fare.)

892 3015 1022 3084 spectans

160 3104 255 3159 Paene
275 3104 398 3159 eviratus
416 3101 548 3159 concidit.

89 3192 140 3247 Nil
158 3192 348 3249 miserabilius
365 3194 456 3248 totum
475 3192 566 3262 liquet
584 3209 645 3248 0000
663 3208 714 3262 per
728 3193 823 3249 orbem
842 3193 935 3262 (rebus
953 3191 1119 3248 mortalibus
1137 3194 1230 3249 crtum

888 3283 932 3336 001
951 3280 1048 3351 Fam.)

161 3372 251 3438 Quam
266 3370 318 3443 (010
331 3371 429 3441 Farr.)
448 3388 558 3441 semper
577 3370 720 3427 ardentem
734 3369 861 3426 invidum
875 3370 1002 3441 (ardente
1016 3368 1112 3427 invido
1126 3370 1235 3440 Fam).

88 3461 180 3516 Ardet
197 3463 227 3516 01
244 3460 354 3516 incluso
372 3460 494 3529 (0000110
513 3459 611 3528 Fcrr.)
630 3458 746 3515 miseras
765 3459 839 3515 calet
855 3459 922 3530 igne
940 3459 1093 3529 medullas3

162 3549 270 3620 Cupido
288 3565 345 3604 non
363 3551 474 3604 1001000
492 3547 569 3603 furit.

87 3639 180 3708 Saepe
198 3654 300 3708 graves
319 3636 421 3692 misero
439 3637 569 3692 flammae
586 3636 751 3692 minuuntur
769 3637 891 3706 amanti;

162 3726 215 3781 Hic
233 3725 300 3796 igne
318 3744 462 3795 nunquam
480 3725 552 3781 liber
570 3728 621 3782 001.
726 3712 734 3725 “

86 3817 154 3871 Non
171 3814 302 3885 graviora
320 3814 439 3884 (maiora
457 3814 554 3884 Farr.)
572 3814 675 3884 aliquis
693 3814 804 3870 dederit
821 3817 961 3871 tormenta
979 3813 1107 3882 Perillus,

162 3904 226 3959 Non
243 3902 348 3975 impius
366 3903 529 3974 Mezentius,

86 3994 127 4048 Et
144 3995 256 4049 tantum
275 3996 330 4063 (res
348 3991 431 4062 mira)
449 3992 504 4048 sibi
521 3997 605 4049 nocet
623 3996 653 4048 01
670 3995 818 4050 dumtaxat

162 4084 198 4139 Se
216 4081 340 4138 carnifex
357 4080 502 4138 eviscerat.

87 4160 200 4244 Aspice,
219 4189 303 4241 quam
321 4174 402 4227 torvo
421 4170 578 4242 distorquet
595 4171 702 4226 lumina
718 4173 808 4242 vultu,

160 4263 200 4317 Vt
216 4260 319 4317 fictiles
337 4261 433 4316 larvae
452 4261 551 4330 001001,

89 4352 193 4417 Quales
211 4350 254 4406 ire
272 4349 367 4405 ferunt
383 4348 472 4406 furias
490 4353 626 4405 nocturna
643 4353 788 4407 moventes

160 4438 336 4510 Lethargicis
355 4438 506 4495 insomnia!
