2962 5032
385 336 458 384 UNI)
483 336 544 383 111ss
568 335 756 383 LElPZlGER
779 336 1094 385 PLAUTUSSTUDIEN.
1270 318 1312 382 75

381 476 506 530 Blandus
525 493 589 531 cnm
607 478 689 547 grata
707 476 857 531 sedulitate
876 476 964 546 lepos,
1079 545 1082 550 j

327 565 385 620 Nec
404 582 460 619 non
478 564 544 619 diva
562 564 668 634 Venus,
686 582 738 635 per
755 581 840 634 quam
860 564 992 620 Cicerone
1012 567 1130 620 canente

381 653 483 709 Omnia
500 652 632 710 contiuuo
651 655 782 724 prompta
799 653 896 709 venire
915 654 1014 710 solent

328 741 390 797 Non
407 743 495 813 igitur
512 743 638 812 dubites,
656 743 820 798 adulescens
839 744 937 813 chare,
956 742 1111 799 camaenas

379 830 525 887 Plautinas
544 832 638 888 studio
656 831 831 887 consociasse
849 834 907 898 tuo,

328 919 488 992 inprimis*)
506 939 590 991 quam
608 921 707 977 doctus
726 923 815 992 amat,
834 922 880 977 cui
899 920 1058 977 Cistellaria
1075 938 1186 990 nomeu,

380 1010 456 1066 llaec
474 1012 591 1066 estnon
609 1010 665 1065 imo
685 1010 880 1066 constituenda
898 1011 973 1078 loco;

329 1100 399 1153 Nam
419 1101 557 1155 memorat
575 1099 682 1154 madidi
700 1100 806 1156 rabiem
825 1102 975 1170 pestesque
993 1098 1081 1170 Lyaei

381 1192 473 1259 Atque
492 1189 660 1259 Cupidineas
679 1190 738 1245 tela
755 1191 902 1246 tremenda
920 1190 1004 1246 faces.

491 1501 515 1548 9.
553 1452 619 1547 llus
643 1491 795 1547 Plautns'
815 1492 990 1563 Epidicus.

168 1601 241 1667 (Ans
257 1599 361 1655 ‘Plauti
378 1602 464 1657 Poeta
481 1599 650 1670 lepidissimi
667 1600 888 1670 nobilissimique
902 1599 1046 1671 Epidicus’
1062 1597 1186 1668 Leipzig,
1208 1598 1309 1653 Melch.

477 1689 575 1745 Lotter
595 1695 673 1760 1513,
692 1690 743 1745 auf
759 1690 823 1745 dem
842 1689 1002 1758 Titelblatt)

308 1813 364 1868 Viti
383 1814 510 1869 Vnerleri
528 1814 588 1870 Ode
606 1814 636 1869 in
654 1833 710 1885 qua
727 1815 839 1870 libellus
858 1813 992 1869 lectorem
1011 1812 1173 1882 alloquitur.

382 1939 421 1994 Vt
437 1939 492 1994 hoc
510 1938 657 2010 purpureis
676 1939 802 2011 margine
821 1937 948 1994 formulis

380 2027 511 2082 Ostendit
527 2028 640 2096 titulus,
658 2043 761 2083 nomen
779 2027 897 2097 Epidico

381 2118 413 2171 In
431 2116 530 2187 primis
548 2117 619 2172 mihi
638 2117 788 2173 Comoedia
806 2117 930 2172 reddidit

382 2207 406 2259 ll
425 2207 499 2262 servi
516 2207 611 2262 studio
629 2208 659 2262 et
677 2205 895 2263 condicionibus.

382 2293 462 2359 Quod
480 2294 504 2350 si
522 2295 670 2351 barbarico
689 2296 773 2366 culpa
790 2294 898 2350 librarii

381 2383 488 2439 Ornata
507 2383 567 2453 (hei
585 2385 684 2455 pudet,
703 2384 761 2454 hei)
780 2401 825 2439 me
843 2383 920 2455 prius
939 2384 1048 2454 extulit,

380 2471 422 2526 En
440 2491 527 2543 nunc,
546 2492 631 2543 quam
649 2473 753 2529 nitidos
773 2490 912 2543 quamque
931 2473 1093 2529 venustulos

380 2560 482 2616 Vultus
503 2561 625 2616 restituit
642 2561 711 2617 lima
729 2561 862 2617 severior!

381 2649 432 2704 Vel
451 2653 496 2719 tu,
515 2651 640 2720 quinquis
659 2667 701 2720 ee,
720 2650 826 2719 infans,
845 2649 966 2720 iuvenis,
985 2667 1077 2720 senex,

382 2738 518 2810 Linguam
538 2740 587 2809 qui
605 2739 746 2795 Lacialem
767 2737 837 2794 colis
855 2738 946 2808 anxie,

381 2830 442 2895 Qua
460 2828 501 2883 nil
519 2829 664 2898 pulchrius
683 2830 739 2898 est,
757 2828 854 2883 utilius
872 2828 964 2896 simul,

381 2918 442 2984 Qua
458 2919 498 2973 nil
518 2919 626 2974 dulciue
646 2922 690 2975 est
706 2920 802 2989 nilque
821 2919 954 2990 pericins;

380 3008 412 3061 ln
430 3024 552 3062 summa:
571 3007 643 3063 nihil
661 3009 715 3063 hac
733 3009 852 3064 mundus
870 3009 958 3064 habet
975 3024 1054 3064 sacer

379 3096 573 3153 Excellencins
591 3100 642 3152 aut
657 3097 782 3153 nobilius
801 3098 891 3168 magis

380 3186 432 3240 Vel
451 3186 526 3256 quod
544 3185 655 3256 dignius
673 3187 717 3241 est
735 3186 880 3256 discipulis
899 3187 1008 3257 probis;

379 3275 453 3346 Ergo
472 3274 599 3344 quisquis
617 3292 659 3344 es,
679 3275 783 3344 infans,
801 3275 922 3345 iuuenis,
941 3293 1033 3347 senex,

379 3364 437 3433 Me,
457 3381 574 3434 quaeso,
592 3364 672 3436 vigili
691 3367 785 3420 mente
803 3365 978 3434 recognitum

379 3453 417 3510 Et
434 3456 525 3509 toturn
544 3454 645 3525 cupido
664 3456 778 3525 pectore
798 3455 941 3510 conditum

379 3544 525 3597 Nocturna
543 3558 679 3597 memores
697 3559 766 3597 voce
784 3543 965 3612 frequentius.

381 3630 502 3697 Quidni?
519 3630 605 3685 immo
622 3630 736 3700 penitus
755 3632 881 3686 sensibus
899 3632 1007 3688 intimis

381 3720 426 3775 Ma
445 3719 560 3787 candae,
579 3722 629 3774 tua
648 3737 703 3788 quo
722 3720 814 3790 gloria
831 3721 953 3776 nominis

381 3807 511 3878 Attingat
528 3806 613 3863 celeri
632 3809 724 3864 sidera
742 3809 840 3864 limite.

379 3895 497 3966 Nauque
516 3898 560 3952 est
577 3899 659 3967 turpe
677 3897 785 3953 homini
803 3900 932 3968 tempora
949 3897 979 3953 in
997 3899 1092 3954 omnia

380 3985 506 4041 Torsissc
524 3985 667 4056 ingenium
686 4003 741 4042 non
759 3986 814 4041 nisi
831 3986 960 4041 inaniter.

238 4166 265 4235 ⁸)
286 4167 330 4236 [ln
348 4166 410 4221 dem
429 4164 600 4220 Mdnchener
618 4164 768 4234 Exemplar
786 4163 875 4219 dieses
893 4164 1019 4220 Druckes
1037 4166 1100 4233 hat,
1119 4186 1165 4221 um
1184 4168 1239 4224 den
1257 4188 1307 4224 un-

166 4254 351 4327 gleokliehen
373 4256 557 4325 Heptameter
579 4272 612 4308 an
634 4253 741 4322 heilen,
764 4253 880 4323 jemand
898 4254 1033 4323 Irprimis
1061 4256 1309 4330 durchgestrichen

162 4343 222 4399 und
242 4342 293 4399 En
310 4361 347 4397 an
364 4343 418 4400 den
436 4342 517 4400 [tend
534 4342 726 4417 geschrieben.
763 4342 792 4396 C.
812 4342 870 4414 W.]
