2962 5032
374 360 448 408 urb
472 360 533 408 mu
557 359 743 407 summoue
766 359 1088 409 ssaurueeremarr.
1260 342 1301 407 79

339 498 493 569 Gracchos,
511 500 535 554 ei
553 499 670 571 Marios,
689 501 807 556 subinde
826 501 938 569 Drusos,

340 591 397 643 Aut
413 607 484 658 quoe
502 589 638 645 historiae
656 589 750 645 ferunt
767 590 887 645 Latinae

339 676 465 733 Romam
483 694 613 748 proceres
632 676 715 733 domo
734 681 853 746 creatos,

339 766 477 822 Postbeec
494 767 538 822 vis
556 765 670 821 Geticus
689 766 762 823 ciere
780 769 887 840 gentes,

340 855 392 910 Vel
410 855 517 910 Xersen
535 855 633 925 repido
652 855 724 911 freto
743 855 908 924 timendum,

339 944 392 999 Vel
410 943 535 999 Poenum
554 943 658 1014 Libyco
677 944 777 1000 ducem
795 946 889 1001 surore

341 1033 482 1088 Bellorum
501 1032 652 1103 celebrem,
671 1033 782 1103 Iubam,
801 1034 943 1103 Dareium,

340 1121 392 1176 Vel
410 1120 548 1192 Pyrrhum
566 1122 720 1178 Ausoniam
737 1120 806 1193 iuga
824 1122 979 1193 timentem,

341 1210 455 1282 Cyrum,
476 1211 671 1281 Deiotharum,
691 1214 835 1282 potentem
853 1212 883 1266 in
902 1212 987 1267 armis

341 1300 483 1356 Pellaeum
502 1298 595 1356 rutilis
614 1300 704 1370 magis
722 1299 899 1370 Philippum:

342 1390 423 1444 Hunc
441 1388 557 1445 iamiam
574 1390 672 1445 Valeri
690 1389 793 1444 librum
812 1389 912 1444 diurna

341 1479 541 1549 Noctumequc
559 1495 645 1534 manu
663 1479 795 1549 legesque
815 1477 992 1552 [legasquel]
1003 1495 1145 1550 amesque,

343 1567 423 1621 Hunc
441 1567 585 1624 doctorem
603 1567 708 1624 babeas
727 1584 817 1639 vagae
835 1566 975 1638 iuventae,

342 1657 423 1713 Hunc
441 1657 543 1728 longae
563 1655 694 1713 comitem
713 1656 831 1726 viaeque
851 1674 953 1725 sumas,

343 1745 447 1800 ldeusis
465 1745 515 1800 ills
533 1746 589 1800 tuis
608 1745 765 1813 recumbat,
784 1748 869 1815 etque

345 1834 523 1889 Coniunctus·
533 1833 620 1902 capiti
637 1835 687 1888 tuo
707 1833 867 1902 frequenter

346 1921 443 1977 Cultus
461 1921 635 1977 molliculum
653 1924 733 1992 petat
750 1940 888 1993 soporem,

344 2012 376 2065 ld
394 2012 469 2081 quod
487 2028 536 2066 rex
554 2010 702 2066 Macedum
721 2012 799 2067 dedit
817 2012 942 2083 superbie

347 2100 458 2156 Chcrtis
477 2101 579 2157 Iliacae
598 2100 683 2156 sacris
702 2101 807 2157 ruinae.

301 2483 341 2532 16.
379 2476 575 2546 Epigremm
595 2475 655 2530 suf
671 2475 814 2532 Cicero's
834 2475 967 2532 Schrift
984 2477 1023 2532 de
1042 2480 1186 2534 oratore.

164 2620 292 2688 (Aus‘bl.
302 2618 363 2673 Tul.
373 2616 514 2673 Ciceronis
529 2617 712 2674 Pulcherrimi
726 2619 984 2690 elegentissimique
999 2621 1040 2674 De
1054 2623 1164 2676 oratore
1175 2619 1240 2675 libri
1255 2622 1313 2675 tres

164 2725 223 2764 non
249 2707 359 2763 minore
384 2705 477 2761 studio
504 2722 587 2774 quam
613 2708 673 2762 arte
698 2706 728 2761 in
753 2707 852 2762 edibus
871 2706 1039 2763 Lotterianie
1064 2709 1170 2764 excusi:
1208 2708 1310 2777 quibus

184 2799 262 2853 certe
280 2797 367 2850 mirus
388 2794 438 2850 ille
458 2793 572 2849 dicendi
590 2794 693 2850 artifex
715 2811 745 2850 ee
770 2795 862 2865 ipsum
886 2799 918 2850 ut
940 2794 970 2850 in
988 2795 1051 2850 eliis
1071 2799 1202 2868 operibus
1221 2797 1293 2853 elios

195 2885 346 2955 scriptores
364 2882 464 2939 vicisse
484 2883 658 2954 perhibetur'
678 2883 802 2954 Leipzig,
820 2884 921 2941 Melcb.
941 2886 1039 2942 better
1058 2892 1136 2956 1615,
1155 2887 1205 2941 aul
1221 2887 1286 2942 dem

663 2973 826 3043 Titelblett)

554 3115 636 3171 Vitae
655 3115 806 3172 Vuerlerus
824 3116 932 3174 lectori.

349 3256 458 3311 Tullius
478 3260 571 3313 orator
589 3258 698 3328 patriae
716 3274 791 3314 nova
808 3259 900 3330 gloria
918 3263 1008 3316 terrae

403 3345 515 3401 Eximia
532 3346 636 3402 multos
654 3347 781 3403 condidit
798 3351 858 3403 arte
876 3348 972 3419 libroe,

354 3436 451 3491 Firma
469 3435 570 3505 quibus
587 3435 694 3491 nitidae
713 3434 806 3491 famae
824 3439 1005 3493 monumento
1022 3437 1134 3508 paravit

405 3524 442 3578 Et
459 3525 546 3595 longa
563 3541 661 3579 verum
679 3523 845 3595 posteritate
864 3525 956 3580 decue.

355 3614 430 3668 luter
447 3630 519 3683 quae
538 3612 620 3685 vigili
638 3630 769 3685 praeseus
787 3616 819 3669 tu
836 3617 949 3685 pectore
968 3615 1052 3686 disce,

404 3700 569 3757 consultum
589 3703 682 3759 studio
700 3703 724 3758 si
742 3703 821 3773 cupis
839 3720 899 3759 esse
918 3706 976 3760 tuo.

351 3789 414 3846 Non
433 3791 525 3846 simile
544 3791 611 3846 huic
629 3792 728 3848 retulit
745 3791 889 3848 doctrinae
908 3792 1027 3848 Graecia
1045 3794 1135 3847 mater

405 3881 464 3936 Nec
484 3883 550 3936 dare
569 3897 621 3951 per
638 3881 748 3935 meritis
766 3880 888 3936 Romula
906 3878 1003 3950 lingue
1021 3883 1121 3949 potest.

628 4136 867 4143 —.--—-—..
