2962 5032
455 274 715 324 anannnmoms
740 277 947 324 rnnvrnvaa.
1162 312 1167 317 .
1214 263 1279 327 449

127 413 265 484 innotus
289 439 360 482 esse
383 417 470 483 Trin.
494 421 573 485 582:

223 559 286 625 Dic
309 558 450 646 Callicli,
474 584 525 626 me
550 569 586 627 ut
608 563 777 628 conuenidt.
815 561 875 627 S'r.
899 564 976 648 quin
999 569 1035 626 tu
1058 562 1073 626 i
1094 564 1199 629 modo.

111 702 184 767 Ab
213 704 470 788 interrogatione
498 704 638 770 fortasse
663 705 790 771 veniam
819 706 918 770 habet
941 704 1057 771 Bacch.
1082 707 1279 790 214.[246]:

224 845 329 913 Salud.
368 847 421 911 sed
446 847 614 912 ubinamst
636 848 868 914 Mnesilochus?
915 847 982 912 CH.
1007 847 1099 931 uiuit,
1122 849 1224 913 ualet:

103 1009 330 1073 quamquam
354 990 400 1053 ibi
423 1012 489 1054 non
512 991 621 1074 inepte
645 990 784 1056 Bothius
807 992 860 1056 ubi
882 989 1093 1056 Mnesilochus
1115 1011 1191 1054 raom
1214 992 1279 1055 cst?

105 1096 318 1178 proposuit,
346 1118 427 1181 quae
452 1097 623 1163 collocatio
648 1100 899 1184 interrogativae
921 1119 996 1162 nom
1019 1097 1197 1181 particulae
1221 1098 1279 1161 ali·

109 1203 286 1285 quotiens
311 1203 499 1268 oblitterata
522 1210 573 1269 est
600 1203 652 1288 (nt
674 1206 748 1269 hinc
771 1206 900 1286 quidem
923 1205 1013 1270 nulla
1037 1205 1077 1269 lis
1102 1205 1145 1268 sit
1167 1210 1279 1269 nostro

113 1309 360 1392 supplemento
384 1312 543 1375 movenda
565 1311 652 1377 Trin.
679 1312 766 1399 130).
807 1313 885 1377 Plus
910 1312 1008 1376 etiam
1034 1312 1222 1376 offensionis
1246 1311 1279 1374 in
1294 1328 1393 1368 ccxm

116 1416 195 1478 fine
220 1417 382 1480 enuntiati
406 1418 513 1501 posita
536 1419 643 1484 ionica
665 1441 726 1484 vox
749 1417 891 1504 habet*)
914 1417 1030 1483 Bacch.
1055 1418 1117 1482 299
1144 1418 1251 1500 [331]:

224 1556 287 1622 Sed
311 1558 444 1623 diuesne
468 1561 529 1624 iste
554 1564 603 1625 est
629 1561 833 1628 Theotimus?
870 1562 937 1627 CH.
960 1563 1058 1625 etiam
1082 1561 1203 1646 rogas?

123 1701 225 1765 cuius
255 1722 328 1765 cum
352 1703 457 1767 simile
481 1703 663 1787 exemplum
687 1704 847 1791 ignorem,
876 1707 986 1770 nescio
1010 1727 1052 1769 an
1073 1703 1128 1768 hic
1152 1725 1279 1789 quoque

127 1829 249 1873 verum
268 1806 405 1874 Bothius
427 1811 553 1893 viderit,
576 1814 770 1896 praesertim
795 1837 867 1878 cum
887 1815 920 1878 in
940 1813 1032 1877 libris
1052 1835 1118 1877 non
1135 1812 1200 1889 isle,
1224 1812 1278 1875 sed

128 1917 203 1980 istic
226 1918 284 1981 sit:

224 2058 285 2124 Sed
310 2059 386 2124 istic
409 2060 600 2126 Theotimus
625 2061 757 2128 diuesne
781 2065 853 2129 est?
890 2062 957 2129 CH.
981 2064 1080 2128 etiam
1105 2060 1225 2146 rogas?

132 2198 216 2266 Cum
241 2202 467 2268 choriambicis
492 2209 601 2269 autem
625 2207 790 2271 vocabulis
815 2207 877 2271 etsi
899 2229 957 2290 per
980 2229 1014 2271 se
1038 2205 1171 2269 minime
1195 2226 1307 2268 com.

133 2309 279 2391 paranda
303 2313 379 2374 sunt
402 2313 666 2394 anapaestioa,
698 2334 772 2394 nec,
800 2314 856 2377 ubi
881 2318 1061 2396 oxytonum
1084 2334 1149 2376 non
1174 2313 1278 2396 sequi-

132 2420 201 2501 tur,
234 2417 476 2500 anapaesticum
508 2421 641 2502 quartus
674 2442 730 2502 pes
763 2420 908 2484 admisit:
947 2417 1037 2505 (nam
1069 2418 1277 2483 deterrimum

134 2545 265 2587 versum
288 2521 356 2586 Mil.
378 2521 427 2607 ΙΙ,
450 2525 480 2606 6,
504 2525 545 2589 73
568 2524 700 2589 Fateo‘r:
723 2527 834 2608 quidni
853 2525 973 2606 sotcdre
994 2528 1108 2609 gomet
1128 2527 1210 2607 quod
1229 2528 1279 2588 αἱ·

133 2632 232 2695 aaa
260 2628 345 2695 infra
373 2631 655 2716 emaculabimns:)
678 2637 788 2697 tamen
811 2637 901 2697 certa
923 2631 984 2697 hac
1007 2632 1208 2716 condicione,
1242 2635 1279 2695 ut

135 2760 208 2802 cum
231 2738 457 2821 monosyllaba
480 2760 556 2803 voce
579 2739 613 2802 in
637 2738 846 2803 choriambici
871 2741 1019 2805 vocabuli
1044 2741 1182 2824 speciem
1206 2761 1278 2803 coa-

118 2846 270 2909 lesceret
298 2844 553 2928 anapaesticum,
586 2846 680 2929 eique
708 2847 942 2912 consociationi
970 2870 1036 2912 non
1059 2850 1279 2930 repugnarent

134 2954 189 3016 sed
208 2953 358 3017 faverent
377 2953 625 3016 constructionis
644 2952 978 3038 interpunctionisque
996 2955 1177 3038 intervalla,
1196 2954 1278 3017 raris
1351 2995 1358 3018 .

133 3058 328 3142 quibusdam
357 3060 512 3143 exemplis
541 3058 625 3122 idem
653 3060 738 3144 quod
762 3060 795 3123 in
819 3061 1048 3125 choriambicis
1072 3062 1195 3125 factum
1220 3066 1278 3125 cst.

134 3163 220 3229 Hinc
239 3165 341 3249 igitur
360 3171 410 3230 est
430 3188 486 3230 cur
501 3166 676 3230 offensione
691 3173 823 3233 careant
836 3167 905 3231 Mil.
919 3167 943 3252 Ι,
956 3169 983 3250 1,
994 3169 1023 3233 6.
1038 3169 1089 3233 29.
1113 3167 1169 3251 IV,
1180 3169 1210 3252 3,
1221 3169 1277 3232 32:

223 3306 274 3383 Ne
298 3308 493 3373 lamentetur
515 3311 591 3372 nelle
613 3311 753 3373 animam
777 3310 984 3395 despdndeat.

224 3413 364 3480 Conisus
388 3437 489 3499 esses,
506 3416 565 3496 per
587 3417 717 3494 coriaria,
742 3438 798 3499 per
821 3415 953 3482 uiscera.

108 3558 112 3567 ·
223 3521 312 3586 Istrtc
335 3543 414 3585 cane
437 3520 534 3586 faxis:
558 3525 634 3602 quin
652 3524 758 3604 potius
780 3545 837 3607 per
861 3524 1009 3607 gratiam.

132 3665 198 3730 Sed
221 3664 307 3748 quod
326 3666 429 3729 multo
449 3687 526 3729 sane
545 3667 650 3749 magis
670 3664 788 3729 mirum
808 3670 867 3746 est,
890 3666 971 3728 illud
990 3670 1049 3747 est,
1073 3665 1157 3748 quod
1177 3666 1276 3728 etiam

132 3772 361 3855 molossum,
395 3772 450 3855 qui
482 3772 541 3835 etsi
575 3794 758 3835 mensuram
792 3772 971 3837 choriambi
1004 3776 1135 3855 aequat,
1167 3776 1276 3835 tamen

132 3879 254 3942 mirum
278 3881 435 3960 quantum
465 3879 506 3942 ab
530 3879 598 3942 eius
623 3878 828 3943 volubilitate
853 3876 967 3963 distat,
990 3901 1054 3943 non
1077 3900 1211 3962 prorsus
1236 3878 1276 3941 ab

132 3985 191 4049 illo
215 4005 326 4048 versus
349 3983 422 4048 loco
446 3985 612 4048 exclusum
636 3983 737 4049 fuisse
756 3984 912 4070 exemplis
932 3984 1123 4049 credendum
1142 3989 1199 4049 est.
1232 3984 1278 4048 Et

132 4091 301 4156 excusatio
322 4090 452 4175 quidem
472 4090 592 4175 eadem,
615 4114 697 4175 quae
717 4092 890 4156 verborum
909 4093 1077 4158 ordinibus
1095 4092 1277 4158 canaam

130 4198 285 4282 quantum
293 4199 401 4280 potest,
416 4204 530 4284 parata
543 4198 629 4262 foret
641 4197 763 4262 talibus
782 4198 877 4282 quale
892 4198 978 4263 Trin.
988 4199 1054 4263 550
1068 4199 1277 4284 vulgabatur:

131 4326 347 4334 ’,β-,-

241 4391 266 4460 *j
287 4391 339 4464 [Ol.
359 4391 449 4446 Trin.²
467 4393 561 4446 annot.
581 4391 617 4445 ad
635 4409 661 4446 v.
682 4390 755 4461 922]

187 4501 228 4535 Fa.
248 4501 399 4535 anserinam
420 4501 555 4537 OPVSCVLA
577 4501 601 4536 V.
1031 4488 1064 4535 29
