2926 5040
152 304 218 369 390
440 319 698 368 rnouneonnnn
721 320 768 367 nu
793 318 1005 368 aenomaus

152 463 296 548 reliquis,
318 463 467 548 idemque
485 466 580 528 unius
599 463 745 548 syllabae
768 485 953 529 mensuram
976 466 1030 528 sat
1052 483 1156 546 saepe
1180 465 1305 548 aequal,

152 575 190 635 ut
213 569 301 636 Trin.
325 571 403 636 260:
1348 642 1350 647 ,

152 765 306 820 moniorum
331 763 414 818 fidem
438 763 580 832 habentia,
604 767 636 819 ut
662 765 748 819 semel
775 764 900 835 positum
926 779 1069 819 noenum
1098 782 1153 835 pro
1177 781 1237 821 sos
1258 765 1304 838 [st

153 854 253 924 Opuse.
268 852 420 923 phillip.
435 858 552 922 aarum
570 853 641 908 Nov.
657 870 714 908 exc.
734 852 805 909 Pll
822 871 849 923 p.
865 859 908 907 40.
928 854 1003 927 112],
1021 853 1113 908 semel
1130 854 1306 925 sirempse,
1347 886 1350 921 r

152 943 180 997 in
209 943 254 997 his
287 940 505 1009 subsistendum,
537 957 589 996 nec
621 940 661 996 eis
692 941 864 997 abutendum
895 941 1034 998 licentius.
1084 942 1182 1009 Quam
1214 947 1306 1000 antem

152 1031 256 1102 multa,
279 1047 351 1100 quae
376 1030 469 1100 prisca
494 1029 548 1085 sibi
572 1030 700 1086 latinitas
725 1029 862 1098 vindieat,
890 1030 947 1085 iam
969 1030 1107 1087 Plautina
1131 1034 1233 1089 aetate
1253 1049 1306 1090 non

152 1121 296 1192 potuerint
313 1137 370 1176 non
392 1121 520 1176 obsoleta
542 1137 616 1189 esse,
634 1120 763 1192 intellegi
780 1120 826 1177 vel
844 1121 899 1176 hoo
916 1125 1086 1191 argumento
1104 1124 1216 1191 potest
1233 1122 1305 1192 qnod
1347 1120 1350 1189 ᾖ

152 1210 362 1265 multitudinem
388 1208 580 1264 Plautiuamm
608 1210 759 1265 formarum
785 1209 848 1279 ipsa
870 1210 1040 1265 Terentiana
1066 1213 1151 1266 aetas
1178 1210 1305 1282 repudiu-
1347 1240 1350 1283 l

152 1300 207 1370 vit,
234 1300 281 1355 vix
307 1299 409 1370 viginti
435 1315 572 1354 annorum
598 1298 747 1354 intervallo
773 1316 791 1354 a
818 1300 906 1354 morte
934 1298 1028 1354 Plauti
1056 1298 1181 1355 distans.
1223 1301 1306 1359 Velut
1348 1300 1350 1359 5

152 1406 203 1445 nec
226 1390 285 1444 med
308 1389 352 1444 ted
374 1387 477 1442 formas
500 1404 552 1443 nec
576 1387 742 1443 distractum
760 1390 847 1444 mutat
864 1387 1025 1457 genetivum
1045 1388 1203 1446 Terentius
1220 1390 1306 1461 novit
1345 1448 1350 1477 l

153 1494 205 1533 nec
219 1477 275 1532 alia
290 1493 362 1546 quae
376 1493 449 1531 nunc
463 1476 595 1548 persequi
608 1476 723 1547 longum
738 1479 787 1546 eet,
807 1494 830 1531 e.
844 1493 868 1532 e.
881 1478 1000 1532 simitu
1013 1494 1068 1547 pro
1081 1478 1173 1534 amul
1191 1478 1303 1549 dietum,

153 1583 208 1636 quo
227 1566 338 1621 deciens
357 1565 474 1621 Plautus
492 1583 572 1620 usus:
596 1568 659 1621 octo
679 1565 753 1621 eninr
777 1565 911 1636 exemplis
933 1564 1174 1636 aliampmanuo
1198 1584 1306 1638 compo-
1347 1588 1350 1617 ι

153 1654 215 1710 sitis
238 1655 293 1710 duo
316 1673 412 1711 versus
436 1655 573 1711 accedunt
596 1655 679 1712 Most
698 1655 747 1726 ΙΙΙ,
766 1661 792 1725 2,
813 1661 863 1710 104
882 1657 912 1710 et
929 1655 1020 1710 Stichi
1037 1654 1074 1726 ΙΙ,
1094 1661 1121 1723 2,
1143 1655 1308 1725 oe‚sici11i

155 1743 340 1800 Ambrosiano
359 1745 429 1801 duee
448 1743 651 1800 conformandi:
1348 1796 1350 1809 ,

260 1835 321 1904 Ego
339 1834 386 1890 hic
403 1850 465 1890 esse
483 1838 513 1889 et
530 1833 573 1888 ssli
591 1834 686 1889 simitu
704 1833 761 1889 hau
779 1833 870 1904 potiui
890 1833 1013 1905 [rimarer
1029 1835 1089 1889 baa
1104 1834 1307 1907 panionia
1348 1896 1350 1905 ,

808 1922 879 1995 phil
898 1924 937 1978 IV
955 1942 983 1994 p.
1002 1923 1078 1995 250}
1348 1948 1350 1955 ·

262 2014 350 2078 immo
374 2021 485 2078 uenisse
512 2005 576 2076 dum
591 2020 687 2076 simitu
700 2021 815 2079 aiebant
827 2021 883 2077 illi:
902 2038 954 2093 ego
968 2023 1024 2077 lule
1038 2020 1122 2079 citus.
1146 2021 1197 2095 [cf.
1207 2021 1307 2093 Opusa

807 2108 877 2180 phil
892 2110 918 2164 11
935 2128 964 2181 p.
983 2113 1036 2165 258
1047 2111 1104 2183 sq.]

155 2202 266 2269 Quanto
289 2202 383 2255 autem
406 2198 509 2255 aetatis
532 2199 682 2255 intervallo
702 2215 719 2253 a
737 2199 878 2266 Terentio,
900 2200 982 2255 tanto
1002 2199 1048 2255 vel
1068 2199 1161 2256 simili
1180 2202 1252 2258 artis
1268 2203 1308 2258 in-

153 2291 273 2346 tervallo
296 2291 412 2345 Plautus
435 2290 472 2344 ab
495 2287 607 2357 aequali
631 2287 703 2358 epici
728 2288 839 2359 generis
861 2291 947 2358 poeta
968 2288 1060 2344 Ennio
1085 2288 1231 2348 discretim
1255 2294 1308 2348 este

154 2380 183 2435 et
210 2378 278 2433 artis
304 2380 333 2433 et
358 2377 459 2433 aetatis
484 2393 502 2431 a
526 2376 667 2445 Lucretio,
691 2375 769 2431 cuius
793 2392 882 2431 sermo
905 2392 961 2431 nou
983 2378 1028 2431 est
1049 2376 1112 2433 ullo
1138 2378 1228 2436 ruodo
1246 2397 1308 2436 oum

153 2469 284 2524 Plautino
309 2466 441 2525 temerius
465 2465 656 2523 conferendus.
698 2466 758 2521 Nec
783 2465 841 2520 fere
867 2465 958 2520 minus
984 2465 1141 2523 discrimen
1166 2467 1244 2525 inter
1268 2469 1308 2525 lo·

154 2558 257 2630 quendi
275 2574 362 2627 genus
372 2555 467 2611 Plauti
485 2555 716 2625 publicorumque
734 2556 978 2611 monumentorum
998 2555 1170 2613 sollemnem
1190 2575 1307 2614 comne-

153 2647 280 2702 tudinem
299 2645 488 2701 intercessisse
507 2661 564 2700 non
582 2645 692 2699 tantum
712 2645 777 2699 aute
796 2644 915 2699 mortem
937 2646 1039 2715 poetae
1063 2645 1177 2702 facturn
1200 2647 1252 2703 SC.
1275 2648 1308 2704 ds

154 2735 339 2790 Bacaualibus
365 2733 413 2789 sed
442 2734 527 2789 etiam
555 2733 716 2803 posterioris
745 2731 845 2788 aetatis
869 2732 946 2804 leges
970 2734 1000 2788 et
1021 2734 1143 2790 tabulae
1171 2738 1307 2793 testatum
1348 2730 1350 2735 ’

154 2824 268 2879 lacirmt.
302 2824 355 2893 [Ex
383 2822 559 2877 addendis
586 2840 612 2891 p.
637 2836 752 2877 cccxxv
762 2840 836 2892 sqq.:
866 2822 957 2891 ‘quod
981 2839 998 2877 a
1022 2824 1162 2880 Terentio
1186 2826 1308 2882 alienum

154 2913 212 2967 diri
236 2913 400 2967 distractum
424 2913 453 2967 in
479 2918 509 2966 αϊ
531 2911 692 2981 genetivum
715 2912 821 2982 primae
845 2911 1053 2980 declinationis,
1078 2912 1109 2967 id
1129 2931 1166 2970 ne
1186 2915 1251 2984 quis
1268 2917 1307 2972 in-

154 3000 356 3056 consideratius
375 3001 480 3056 iactum
499 3001 648 3070 existimet,
668 3001 702 3055 de
721 3002 855 3070 quattuor
873 3001 949 3070 locis,
968 3001 1071 3069 quibus
1084 3003 1171 3059 illam
1185 3005 1306 3061 formum

154 3089 297 3144 Bentleius
316 3089 420 3156 intulit,
439 3089 537 3158 paucis
561 3091 601 3143 sic
625 3089 737 3144 habeto.
774 3090 816 3144 Ac
834 3089 965 3145 vitiosam
984 3089 1135 3147 elisionem
1156 3095 1310 3151 Ibacdrini

155 3179 301 3234 ostesderet
320 3177 349 3230 in
368 3178 479 3232 Phorm.
499 3177 545 3245 IV,
561 3184 586 3245 2,
602 3184 616 3232 7
637 3177 776 3247 probabili
790 3195 878 3248 nuper
893 3178 1091 3237 emendatione
1107 3181 1307 3240 Lachmannns

156 3268 196 3338 [in
215 3267 296 3321 Lucr.
315 3285 341 3336 p.
363 3266 426 3336 161]
446 3265 571 3319 sustulit:

368 3354 423 3409 Vbi
442 3353 598 3410 Phaedriae
618 3372 677 3410 esse
697 3355 856 3410 ostenderet
873 3355 963 3412 nihilo
981 3356 1076 3413 minus

367 3445 496 3499 Amicum
515 3461 575 3499 sese
594 3462 679 3514 quam
698 3445 859 3515 Antiphoni.

155 3535 280 3592 Pcrmiro
300 3538 394 3590 autem
419 3536 577 3590 commento
600 3535 629 3588 in
648 3535 798 3590 Heautont
819 3535 852 3604 V,
873 3542 897 3605 1,
916 3542 951 3591 20
970 3536 1119 3595 Bentleius
1137 3559 1175 3597 ne
1197 3548 1310 3613 sponsus·

155 3625 277 3694 quidem,
297 3624 345 3678 sed
364 3625 457 3693 ipsum
475 3630 592 3693 sperasne·
607 3624 700 3677 voluit
717 3626 783 3679 ante
801 3642 902 3679 auram
919 3625 1098 3695 trisyllabum
1120 3647 1193 3686 esse.
1231 3632 1305 3688 Nihil

156 3714 306 3783 quicquam
325 3713 471 3768 molestiae
491 3715 534 3767 est
552 3713 581 3767 in
599 3712 741 3768 tralaticia
760 3712 908 3784 scriptura:

263 3803 387 3872 Sponsae
406 3804 525 3871 uestem,
549 3818 647 3856 aurum
670 3805 755 3870 atque
779 3802 897 3857 ancillas
916 3819 987 3875 opus
1006 3822 1080 3861 esse:
1107 3813 1261 3881 argentum
1279 3814 1307 3865 ut

998 3892 1088 3950 dares.

155 3981 228 4035 Nam
252 3980 327 4049 quod
351 3980 400 4034 ille
426 3997 539 4049 prorsus
563 3979 741 4034 invenustum
766 3980 849 4050 dixit,
873 3998 973 4036 aarum
996 3981 1019 4035 si
1039 3982 1079 4037 sit
1097 3985 1162 4041 sine
1182 3992 1306 4055 accentu,

155 4071 184 4125 in
202 4087 235 4125 eo
254 4069 356 4124 nimius
375 4068 436 4123 fuit.
464 4068 589 4123 Primum
609 4070 684 4123 enim
702 4070 731 4124 in
750 4071 958 4126 enumeratione
976 4075 1037 4128 tam
1057 4074 1198 4131 similium
1218 4095 1305 4132 rerum

153 4175 210 4214 non
234 4161 278 4213 est
299 4158 426 4227 prolecto
451 4158 511 4212 auri
534 4158 711 4228 potissimum
736 4160 814 4215 notio
839 4160 991 4231 praecipua
1012 4162 1043 4216 vi
1070 4163 1134 4219 ulla
1152 4168 1305 4222 sententiae

155 4247 279 4318 insignis.
317 4247 424 4303 Deinde
443 4251 538 4303 autem
563 4248 731 4317 ubicumque
757 4251 822 4320 post
843 4249 967 4319 aliquam
993 4251 1256 4322 interpunctionem
1280 4260 1307 4311 et

155 4337 283 4404 quamvis
302 4337 415 4392 brevem
434 4337 635 4407 pronuntiandi
650 4354 766 4408 pausam
779 4356 832 4395 vox
847 4340 882 4394 de
895 4338 1007 4410 integro
1022 4340 1145 4411 orditur,
1166 4362 1202 4400 ne
1216 4348 1306 4416 potest

156 4426 268 4497 quidem
288 4428 317 4481 id
335 4427 512 4496 vocabulum,
532 4445 549 4482 a
567 4443 622 4495 quo
642 4427 757 4498 orditur,
775 4445 888 4499 prorsus
907 4427 1073 4486 delitescere
1088 4448 1265 4505 quamquam
1278 4433 1305 4488 in
