2926 5040
158 105 223 169 684
536 119 770 168 nsrnnuscnn
793 119 923 166 annau.

159 286 288 345 necesse
312 268 362 329 est
384 263 513 328 liberali
536 264 643 328 indole
667 265 737 348 ipse
760 263 867 328 fuerit.
912 262 1062 347 Eamque
1085 263 1201 328 indolis
1223 264 1343 329 li]

156 371 334 453 ralitatem,
366 369 393 433 si
418 391 528 433 verum
554 370 703 435 volumus
726 369 836 453 fateri,
863 391 923 452 per
947 368 1136 434 diuturnum
1159 369 1219 433 Ille
1268 374 1343 438 i:

156 477 282 561 perium
305 479 356 541 tot
380 481 509 560 tamque
533 477 706 542 luculentis
725 476 920 541 testimoniis
940 477 1167 560 comprobavit
1185 477 1218 541 in
1253 503 1335 544 o

155 606 213 648 nes
236 588 346 668 partes
370 582 587 648 institutionis
611 583 758 667 publicae
782 582 985 667 patentibus,
1014 588 1052 648 ut
1075 582 1152 647 hinc
1175 586 1334 668 potis

156 711 245 752 mum
268 690 383 774 laudis,
406 689 547 771 virtutis,
570 689 736 754 felicitatis
759 694 828 754 tam
851 689 906 754 din
929 689 963 753 in
977 688 1171 754 Borussiam
1190 692 1343 756 redu-

160 794 267 859 dantis
294 817 360 866 non
384 786 580 862 mediocrem
603 802 728 881 partem
753 795 924 861 universae
947 818 1010 862 vox
1033 795 1188 880 Europae
1215 802 1343 885 κβ

157 901 256 966 tierit
302 902 366 979 Qui
401 903 429 966 si
458 923 516 966 nec
544 902 645 966 insita
673 905 808 966 naturae
836 902 1005 986 voluptate
1037 900 1234 967 trahebatur
1267 890 1343 961 β’

157 1008 336 1073 litterarum
357 1009 473 1093 studia,
497 1030 555 1074 nec
574 1030 685 1072 earum
704 1008 848 1073 rationes
867 1008 1061 1093 singillatim
1082 984 1343 1093 perscruurt¹⁵

157 1136 217 1179 suo
245 1115 363 1180 iudicio
393 1116 474 1180 satis
502 1115 663 1181 confidere
691 1115 725 1178 in
753 1115 821 1179 illis
844 1114 1050 1179 moderandis
1074 1107 1331 1188 administraffl‘

157 1219 269 1305 disque
299 1223 421 1304 potnit:
458 1222 603 1307 profecto
637 1222 678 1287 ob
709 1221 743 1285 id
773 1222 880 1306 ipsum
911 1222 1016 1287 multo
1047 1223 1150 1287 etiam
1180 1213 1319 1289 maiora

157 1329 363 1394 veneratione
386 1329 505 1414 dignus
528 1329 670 1393 exstitit:
694 1365 736 1376 —
760 1328 901 1412 primum
936 1328 1067 1413 quidem
1100 1330 1200 1414 qnod,
1224 1333 1301 1417 quio

158 1434 328 1519 salutares,
353 1437 429 1519 quia
452 1435 605 1501 honestas
629 1457 700 1499 esse
723 1434 825 1500 bonas
844 1437 931 1499 artes
950 1435 1168 1520 intellexerat,
1190 1437 1233 1502 ita
1249 1438 1291 1502 eis

154 1542 388 1625 prospiciebat,
420 1543 512 1627 quasi
545 1543 578 1606 in
611 1541 736 1607 deliciis
771 1541 907 1606 haberet
941 1546 974 1606 et
1008 1542 1042 1606 in
1076 1542 1195 1609 intimo
1228 1545 1293 1609 sinu

156 1649 291 1711 foveret:
322 1685 365 1694 -
397 1647 512 1713 deinde
542 1648 640 1732 quod,
672 1647 790 1733 quibus
820 1647 963 1733 negotiis
993 1651 1080 1712 recte
1111 1651 1296 1716 accurandis

158 1755 261 1817 semet
282 1753 390 1838 ipsum
409 1754 566 1839 imparem
586 1755 730 1839 sentiret,
754 1775 865 1819 eorum
885 1754 1095 1820 administros
1114 1755 1300 1844 intellegen-

156 1859 302 1925 tissimos
330 1860 531 1927 adsciscebat
558 1861 768 1927 consiliorum
799 1883 930 1927 snornm
959 1861 1066 1927 socios
1090 1865 1302 1947 gravissimos

156 1971 189 2031 et
216 1967 390 2032 acerrimos
417 1967 570 2032 vindices.
615 1966 700 2032 Nam
729 1969 757 2032 si
786 1990 913 2033 summa
942 1968 1013 2033 laus
1043 1973 1107 2054 est,
1140 1993 1183 2037 ne
1211 1994 1304 2059 egere

157 2073 286 2159 quidem
310 2073 416 2138 aliena
440 2096 515 2158 ope,
544 2073 655 2158 paucis
678 2073 737 2138 illa
759 2074 953 2139 mortalibus
977 2097 1145 2141 concessa:
1182 2083 1218 2143 at
1242 2101 1304 2144 nou

36 2267 39 2271 Ι
155 2181 272 2246 ultima
293 2181 374 2246 haec
397 2184 456 2264 est,
480 2181 579 2246 immo
599 2181 745 2265 proximo
765 2181 806 2245 ab
826 2180 885 2246 illa
904 2181 1079 2248 intervallo
1099 2183 1238 2271 distans,
1261 2191 1307 2271 ut,

160 2287 277 2372 quibus
300 2287 402 2372 copiis
426 2287 496 2372 ipse
519 2308 629 2372 egeas,
657 2309 712 2352 eas
741 2287 810 2371 pari
841 2287 1157 2372 circumspicientiae
1182 2294 1306 2378 sagaci·

157 2398 224 2458 tate
248 2394 369 2460 babeas
392 2396 446 2478 qui
470 2395 531 2459 tibi
556 2393 686 2459 aliunde
710 2394 827 2478 parias.
854 2394 900 2460 Et
918 2395 952 2460 in
971 2417 1009 2459 eo
1029 2395 1162 2480 quidem
1187 2420 1307 2484 genere

116 2535 121 2541 ·
155 2523 251 2584 quam
280 2502 397 2567 eximio
426 2524 575 2567 successu
603 2499 819 2567 Fnlnnurcvs
842 2500 1048 2568 Gvrnnnuvs
1078 2504 1308 2591 elaboraverit,

154 2609 314 2692 cumipse
337 2609 397 2674 flos
420 2612 455 2673 et
478 2608 577 2673 robur
595 2608 803 2673 beatissimae
822 2608 911 2693 pacis
931 2612 1127 2694 argumento
1152 2617 1213 2694 est,
1238 2617 1306 2678 tum

154 2712 416 2796 splendidissima
443 2716 576 2780 nomina
603 2735 714 2779 eorum
743 2717 919 2797 testantur,
952 2714 1146 2799 quibuscum
1171 2717 1236 2784 llle
1260 2743 1306 2785 re·

154 2818 276 2902 gendae
307 2821 354 2884 rei
385 2821 534 2905 publicae
567 2819 677 2883 munia
707 2820 966 2884 communicavit.
1014 2820 1154 2888 Possum
1187 2826 1222 2890 in
1247 2826 1306 2892 hoc

155 2931 344 3007 argumento
369 2927 546 3010 exspatiari
570 2925 714 3010 longius:
744 2948 867 3008 verum,
896 2927 1081 3011 quandoid
1105 2930 1194 3012 qnod
1222 2957 1304 2997 sum·

155 3053 243 3094 mum
268 3036 330 3115 est,
354 3038 391 3096 ut
414 3033 546 3116 pietatis
576 3033 704 3097 affectui
734 3038 910 3117 grataeque
933 3035 1170 3099 recordationis
1195 3039 1305 3104 officio

154 3138 300 3219 quamvis
324 3139 414 3202 tenui
438 3139 615 3202 voluntatis
640 3138 865 3204 testificatione
889 3139 1077 3223 satisfieret,
1099 3141 1167 3206 iam
1196 3152 1306 3229 potest

157 3244 266 3328 aliquo
291 3245 385 3310 modo
410 3247 557 3309 ellectum
583 3245 697 3326 videri,
719 3245 795 3310 nolo
819 3251 926 3311 vestra
950 3248 1110 3331 patientia
1135 3253 1229 3316 abuti
1256 3277 1304 3317 er-

153 3351 449 3434 epectationemque
474 3355 615 3415 vestram
639 3351 759 3416 diutius
784 3353 913 3417 morari.

243 3456 331 3541 Ergo
362 3461 398 3521 nt
425 3463 588 3521 transeam
619 3457 659 3522 ad
688 3459 873 3542 propositas
902 3461 1068 3543 superiore
1093 3487 1183 3530 anno
1209 3491 1303 3550 qnae

154 3563 290 3645 stiones,
324 3564 388 3628 iam
412 3586 475 3628 non
503 3585 574 3627 mea
597 3564 777 3630 elocutione
805 3570 893 3648 utar,
925 3567 980 3631 sed
1006 3569 1100 3633 fidem
1128 3573 1303 3638 verborum

152 3672 194 3734 ab
218 3671 298 3754 ipsis
322 3673 487 3737 ordinibus
511 3673 633 3737 chartis
657 3673 1091 3757 consignatornmservabo.
1122 3714 1165 3724 -
1191 3715 1235 3726 —
1262 3719 1301 3729 -
