2926 5040
521 341 787 391 manarroms
809 342 1018 390 ansvrmsn.
1276 324 1342 390 289

145 484 185 547 ct
208 480 313 547 265:
341 483 571 569 pluraquam
594 485 693 550 velles
715 490 916 551 evanuerunt
938 487 973 550 in
995 485 1124 570 paginis
1150 485 1200 549 19.
1219 484 1271 549 30.
1289 483 1341 548 45.

146 588 208 654 46.
235 588 340 655 255:
379 592 533 656 omnium
561 592 700 677 pessima
728 592 860 658 habitae
884 597 962 658 sunt
984 594 1122 678 paginae
1146 592 1212 657 266
1235 596 1268 655 et
1293 591 1343 657 18.

147 692 193 760 ln
226 697 558 763 commemorandis
581 698 792 765 Ambrosiani
820 701 896 765 libri
924 700 1093 785 scripturis
1122 703 1244 784 quanta
1271 697 1343 762 fieri

152 823 240 867 cura
268 804 403 886 potuit
425 802 508 868 illud
530 803 654 886 studui,
682 811 719 870 ut
742 827 824 890 quae
847 812 937 871 certa
959 809 1082 887 essent,
1105 826 1187 889 quae
1210 804 1343 886 incerta,

154 908 360 996 diligenter
388 915 590 976 annotarem.
627 911 741 996 ltaque
764 934 863 995 saepe
886 912 936 977 vel
959 918 995 977 ut
1015 913 1135 977 vidctm
1158 910 1258 975 adieci
1282 910 1342 992 vel,

157 1016 256 1101 quod
283 1016 420 1082 eodem
444 1017 552 1082 valere
575 1018 673 1103 volui,
693 1018 755 1084 hac
777 1024 858 1085 nota
882 1041 958 1084 usus
982 1041 1053 1083 sum
1068 1015 1138 1104 (A).
1170 1018 1344 1082 Praeterea

159 1144 288 1189 earnm
318 1125 527 1203 litterarum,
550 1147 632 1209 quae
655 1127 767 1210 quales
787 1132 898 1192 essent
916 1127 986 1191 crui
1005 1147 1070 1190 non
1089 1129 1209 1209 posset,
1233 1124 1343 1209 spatia

163 1232 223 1296 nbi
247 1231 397 1296 licebat
418 1232 590 1297 numeravi
612 1232 792 1319 horumque
815 1255 985 1298 numerum
1005 1232 1186 1315 spatiorum
1206 1229 1343 1294 totidem

129 1412 134 1419 ,
163 1339 312 1423 punctis
338 1337 464 1403 mediis
488 1338 630 1423 signavi,
661 1339 750 1404 velut
774 1363 802 1405 v.
829 1340 870 1404 14
892 1356 1079 1422 amsans,
1110 1353 1343 1403 uma.....n.

129 1438 131 1445 ’
165 1446 198 1510 Δ
232 1469 310 1531 quo
344 1465 471 1529 genere
500 1449 691 1530 punctorum
720 1447 808 1511 aliud
836 1467 940 1532 genus
963 1447 1035 1530 ipsa
1061 1444 1167 1510 forma
1194 1443 1341 1525 discrevi,
1355 1469 1389 1509 11

168 1544 238 1638 quo
273 1552 358 1636 ipse
395 1551 553 1617 librarius
584 1557 621 1617 ut
653 1554 881 1637 compendium
912 1553 1090 1637 scripturae
1118 1551 1240 1616 faceret
1267 1572 1344 1614 usus

171 1664 234 1741 cst,
258 1662 304 1724 ut
329 1681 362 1723 v.
389 1658 434 1723 92
457 1676 544 1736 aro·
567 1666 600 1725 et
622 1678 1000 1744 annoso-oroscsas,
1022 1661 1102 1724 item
1125 1677 1209 1737 sao·
1232 1680 1260 1722 v.
1270 1655 1344 1721 205.

172 1766 252 1832 352.
277 1766 365 1831 377.
414 1782 538 1842 QmTQ·
560 1768 636 1833 855.
680 1766 767 1833 Nam
796 1772 925 1853 praeter
952 1768 1015 1832 hoc
1042 1768 1150 1852 ipsum
1178 1783 1247 1844 Qun
1274 1785 1345 1847 par-

174 1875 341 1938 cissimus
367 1872 444 1957 ille,
471 1878 509 1938 ut
532 1880 583 1939 est
605 1880 872 1960 consentaneum,
901 1874 1164 1959 compendiorum
1187 1872 1264 1955 fuit,
1286 1891 1345 1934 nec

178 1980 248 2046 fere
273 1980 476 2045 huiusmodi
498 1981 534 2045 in
553 1981 742 2048 Trinummo
766 1982 940 2067 quicquam
962 1984 1070 2045 exstat
1093 1977 1263 2064 praetcrri
1286 1998 1345 2061 pro

175 2104 250 2152 nore
276 2109 311 2152 v.
336 2086 408 2152 308
437 2091 471 2151 et
499 2087 638 2154 fortasse
666 2089 831 2154 cannam]
865 2110 894 2152 v.
917 2087 992 2152 545.
1041 2085 1086 2151 Vt
1109 2089 1231 2168 autem,
1263 2104 1345 2168 quaa

177 2199 396 2260 evanuerrmt
429 2193 573 2279 litterae,
604 2195 704 2260 etiam
734 2218 799 2281 qua
828 2194 896 2259 fere
926 2215 1077 2258 mensura
1106 2196 1214 2256 essent
1237 2191 1345 2275 aliqua

178 2307 267 2366 cene
293 2323 337 2366 ex
362 2304 461 2386 parte
487 2301 719 2387 significarem:
742 2301 834 2388 (nam
859 2304 1045 2367 constanter
1067 2300 1130 2365 hoc
1153 2299 1223 2362 fieri
1246 2298 1345 2382 pluri·

181 2428 253 2473 mas
277 2408 327 2473 ob
352 2429 491 2473 caussas
514 2430 579 2473 non
602 2408 738 2494 potuitt)
760 2409 823 2473 hac
845 2415 925 2474 nota
950 2411 956 2473 Ι
981 2429 1036 2472 aas
1059 2407 1185 2471 litteras
1210 2403 1346 2489 signavi,

181 2535 266 2599 quae
298 2536 381 2579 cum
408 2536 477 2579 una
499 2515 620 2580 lineola
642 2515 904 2601 perpendiculari
928 2517 1090 2597 constent,
1123 2512 1253 2576 exilium
1276 2509 1345 2595 api·

182 2643 255 2686 eum
281 2621 473 2685 adiectione
501 2621 588 2685 inter
618 2643 651 2686 se
675 2621 848 2703 discretae,
878 2619 1006 2704 possint
1029 2620 1079 2684 vel
1103 2619 1128 2682 Ι
1147 2639 1217 2682 esse
1240 2617 1291 2681 vel
1314 2616 1349 2679 Ε

184 2728 234 2791 vel
260 2728 295 2792 T
317 2728 371 2791 vel
395 2727 445 2792 F:
479 2750 499 2792 a
523 2750 659 2813 quarum
683 2728 899 2793 similitudine
923 2749 1051 2791 summa
1074 2725 1218 2809 proxime
1242 2723 1274 2787 P
1293 2724 1346 2786 lit

182 2838 263 2917 tera,
287 2835 407 2919 aliquo
431 2835 604 2900 intervallo
623 2836 657 2900 B
677 2841 710 2899 et
728 2835 763 2900 D
787 2836 916 2917 absunt,
940 2834 1036 2918 longe
1061 2837 1169 2897 autem
1193 2831 1345 2915 amplitu-

184 2939 257 3005 dine
286 2964 350 3005 sua
378 2941 469 3005 velut
492 2942 534 3023 A,
557 2941 597 3006 H
616 2939 720 3026 (cuius
744 2947 899 3006 constans
923 2940 1003 3004 haec
1026 2939 1131 3003 forma
1155 2942 1205 3003 est
1227 2937 1289 3022 K),
1310 2935 1346 3020 U,

184 3046 228 3131 R,
258 3048 288 3128 Q
318 3048 463 3131 distant,
496 3048 626 3133 longius
658 3049 757 3113 etiam
781 3049 825 3112 M
843 3052 876 3111 et
898 3047 940 3111 N.
986 3044 1034 3110 De
1058 3068 1121 3130 quo
1145 3048 1211 3110 iam
1234 3044 1346 3108 monui

186 3152 361 3237 Parergon
404 3154 632 3219 Plautinorum
675 3178 707 3239 p.
744 3155 811 3219 284
844 3158 967 3236 annot,
1008 3153 1197 3238 explicatius
1239 3155 1346 3215 autem

188 3260 307 3343 dicam,
331 3261 392 3324 ubi
416 3261 628 3326 Ambrosiani
655 3260 777 3326 codicis
803 3260 996 3343 scripturam
1021 3260 1169 3344 exemplo
1192 3259 1346 3343 lithogra-

188 3367 243 3450 phi
268 3373 345 3432 arte
372 3367 461 3432 facto
486 3368 666 3453 declarabo,
690 3370 785 3453 quale
809 3369 875 3431 iam
890 3367 1036 3452 Angelus
1051 3367 1157 3431 Maius
1181 3365 1282 3429 edidit
1306 3365 1346 3428 ad

187 3473 435 3538 emendandum
458 3472 612 3539 Plautum
635 3476 859 3540 utilissimum.
904 3472 988 3538 Hinc
1012 3475 1097 3538 enim
1122 3479 1180 3556 cst,
1203 3477 1240 3536 ut
1261 3480 1346 3534 nunc

187 3581 339 3665 exemplo
366 3585 499 3657 tantum
522 3586 606 3664 utar,
630 3583 716 3667 quod
739 3583 773 3646 in
798 3580 955 3645 Palatinis
979 3582 1087 3664 libris,
1110 3582 1165 3665 qui
1189 3602 1206 3643 e
1230 3577 1346 3643 similis

188 3688 380 3772 scripturae
404 3686 517 3752 codice
541 3692 724 3773 manarunt,
747 3688 836 3752 velut
860 3688 954 3751 lintre
977 3687 1135 3770 reperitur
1157 3707 1215 3768 pro
1238 3685 1347 3747 iiatro

187 3816 215 3858 r.
237 3796 270 3879 3,
295 3796 403 3860 Incede
430 3815 490 3878 pro
516 3795 528 3858 i
550 3797 639 3860 modo
663 3819 692 3860 v.
715 3796 790 3860 583.
814 3795 889 3878 587,
913 3795 947 3858 ln
970 3815 1029 3877 pro
1054 3795 1087 3856 in
1111 3816 1139 3856 v.
1163 3791 1241 3855 651:
1271 3789 1346 3852 hinc

186 3901 265 3967 illud
291 3922 430 3987 quoque
454 3901 558 3966 multo
582 3903 713 3986 gravius
737 3902 832 3987 quod,
855 3923 928 3964 cum
951 3901 1139 3984 plerumque
1158 3919 1197 3960 nc
1221 3897 1254 3959 in
1271 3894 1346 3957 Am·

187 4008 345 4074 bresiano
370 4007 508 4092 quidem
523 4007 548 4071 I
558 4013 591 4072 et
604 4009 639 4073 Ε
659 4009 797 4074 discerni
821 4007 959 4091 possint,
981 4006 1191 4090 perexiguam
1214 4003 1346 4067 illorum

186 4115 346 4183 librorum
379 4136 455 4180 esse
480 4112 576 4178 fidem
601 4116 809 4200 consequitur
832 4113 874 4178 ad
896 4112 1064 4177 testandas
1089 4110 1346 4174 accusativorum

183 4223 306 4291 formas
333 4223 444 4289 oannis
467 4241 586 4305 omnes,
614 4227 648 4286 et
675 4244 757 4307 quae
786 4221 903 4286 harum
932 4218 1055 4283 similes
1080 4221 1156 4279 sunt
1178 4216 1346 4300 plurimae.

182 4333 396 4399 -Omnem
426 4332 540 4392 autem
570 4329 816 4393 annotationem
846 4349 950 4391 meam
979 4345 1239 4407 unumquemque
1267 4326 1346 4406 putc

180 4444 278 4508 etiam
299 4463 358 4506 me
379 4459 451 4503 non
471 4439 626 4499 monente
645 4435 693 4499 ita
711 4436 1009 4519 interpretaturum,
1027 4434 1064 4493 ut
1083 4428 1121 4492 tle
1136 4430 1345 4496 Ambrosiani
1360 4452 1406 4493 x11

225 4567 268 4603 ss·
288 4560 459 4602 Rfflcmll
479 4557 620 4595 OPVECVLA
639 4557 664 4592 V.
1102 4538 1135 4587 19
