2962 5032
492 119 758 169 nunnamorns
782 121 986 168 salvamus.
1245 104 1307 170 381

256 258 309 323 Ita
331 258 438 325 omnis
461 260 501 326 de
524 266 610 328 tecto
635 263 822 329 deturbauit
844 264 982 348 te‘gulas.

256 364 309 431 Ita
332 367 442 433 omnes
467 368 630 454 mortales,
653 368 685 434 si
705 369 780 454 quid
804 374 855 435 est
878 367 958 433 mali
978 369 1095 454 lenoni,
1117 369 1288 457 gaudent:¹

165 509 289 592 partim
307 531 324 573 e
343 510 458 576 mediis
477 513 631 596 versibus,
649 516 686 577 ut
705 510 785 577 Gist.
795 510 834 596 V,
846 514 874 577 1.
896 510 1003 593 Mill,
1020 512 1113 596 1,55.
1136 510 1194 596 IH,
1212 514 1239 596 1,
1252 513 1309 577 65:

258 650 340 727 Quid
363 653 426 719 hoc
449 654 602 739 negotist,
626 654 710 740 qudd
735 676 847 719 omnes
870 653 1017 719 homines
1041 653 1229 719 fabulantur
1251 656 1310 739 per

1018 761 1115 827 uiam.

258 866 340 943 Quid
363 866 428 933 tibi
453 889 514 954 ego
537 869 656 952 dicam,
680 869 765 954 quod
789 891 901 934 omnes
924 869 1077 934 mortale‘s
1101 870 1216 934 sciunt.

258 973 462 1059 Lepidiorem
494 976 534 1041 ad
567 975 672 1042 omnis
708 998 761 1041 res
793 997 852 1041 nec
886 977 941 1061 qui
975 975 1078 1042 amico
1111 976 1155 1041 sit
1187 976 1309 1041 amicus

1018 1084 1133 1169 magis,

167 1247 243 1289 nam
266 1224 346 1291 haec
369 1225 463 1291 unice
486 1248 562 1291 vcra
585 1227 753 1312 scriptura
795 1226 904 1311 Atque
928 1226 1008 1292 haec
1032 1226 1070 1292 de
1095 1226 1309 1292 severioribus

170 1315 342 1418 generibus
370 1336 549 1399 metrorum
577 1339 708 1418 sumpta
732 1336 820 1399 sunt:
853 1356 916 1418 quo
940 1333 1046 1398 minus
1070 1333 1252 1398 mirandum
1276 1332 1309 1397 in

171 1439 377 1505 liberioribus
400 1441 501 1505 omncs
524 1441 642 1525 corripi
665 1439 743 1506 (list.
766 1440 792 1525 Ι,
817 1442 844 1524 1,
868 1441 897 1506 6.
929 1439 1047 1506 Persae
1071 1440 1110 1527 V,
1135 1443 1163 1526 1,
1187 1440 1220 1504 8:

258 1566 310 1647 lta
332 1583 482 1650 omnibus
506 1581 628 1648 relictis
651 1583 747 1648 rebus
772 1581 854 1647 mibi
877 1582 1077 1668 frequentem
1102 1585 1234 1668 operam
1257 1583 1310 1647 de-

1018 1690 1120 1757 distis.

256 1761 346 1859 blnda
370 1816 431 1881 ago
455 1796 560 1861 omnis
583 1796 705 1862 hilaros
727 1798 870 1863 lubentia
899 1797 1108 1863 laetificantis
1131 1797 1248 1863 ficiam
1273 1800 1310 1862 ut

1018 1905 1106 1970 fiant

169 2041 253 2109 Hinc
276 2044 341 2109 iam
365 2045 500 2111 iudicari
523 2046 561 2111 de
585 2046 691 2111 dubiis
714 2049 837 2130 potest:
860 2046 951 2111 velut
969 2046 1067 2112 Poen.
1078 2044 1118 2128 V,
1132 2047 1162 2130 2,
1176 2046 1220 2112 95
1242 2067 1308 2112 non
1322 2064 1448 2108 oxxxm

169 2151 249 2216 satis
273 2173 343 2217 esse
366 2173 499 2217 caussae
524 2157 660 2237 apparet
683 2175 738 2218 cur
762 2153 809 2218 sic
832 2153 1039 2237 transpositis
1059 2152 1176 2237 verbis,
1199 2154 1232 2218 di
1248 2174 1309 2218 ora

167 2277 221 2323 nec
243 2256 299 2321 arn·
320 2258 401 2336 dent,
422 2258 502 2323 fides
526 2259 684 2324 librorum
708 2260 923 2344 relinquatur:

257 2398 350 2466 vnde
373 2423 445 2465 sum
469 2402 632 2467 oriundus.
677 2399 723 2465 Di
743 2401 820 2466 dent
841 2402 902 2467 tibi
926 2424 1038 2467 omnes
1062 2404 1143 2487 quae
1165 2404 1257 2469 uelis.

167 2539 277 2606 Minus
310 2543 410 2608 otiam
442 2566 574 2610 caussae
607 2548 657 2609 est
689 2566 745 2609 cur
772 2544 913 2610 Andriae
937 2544 1051 2630 1v‚2,
1077 2548 1115 2611 11
1150 2545 1206 2611 aba·
1237 2567 1309 2610 oum

167 2647 320 2715 Bentleio
345 2650 502 2715 deleatur:

256 2792 318 2858 Par
348 2792 453 2860 omnis
476 2794 537 2859 tibi
560 2794 672 2860 adiuro
701 2797 790 2881 deos,
824 2819 999 2882 numquam
1028 2782 1100 2861 dam
1127 2819 1178 2861 me
1207 2796 1311 2861 deser·

1019 2907 1138 2968 turum.

169 3008 276 3092 Ipsius
301 3007 483 3074 Trinummi
506 3034 535 3075 r.
560 3011 601 3076 18
630 3033 715 3077 nunc
738 3012 939 3099 intellegitur
962 3033 1021 3079 nec
1044 3033 1114 3076 esse
1138 3009 1178 3076 de
1200 3032 1311 3076 mono·

170 3114 300 3200 syllabo
327 3117 403 3198 quob
430 3117 652 3203 cogitandum,
683 3119 768 3204 quod
795 3119 904 3185 neseio
933 3141 975 3184 an
997 3123 1083 3184 recte
1105 3140 1208 3204 nuper
1229 3117 1311 3184 Her·

169 3245 306 3289 mannus
338 3224 508 3309 negaverit
539 3246 692 3310 umquam
725 3227 832 3291 locum
862 3225 997 3309 habere,
1033 3246 1092 3290 neo
1129 3225 1312 3290 duriuscule

170 3346 253 3428 Quia
271 3348 372 3415 omna
389 3336 482 3414 binos
500 3349 652 3432 bonaque
669 3350 955 3435 pronuntiandum,
974 3349 1030 3415 sad
1049 3349 1096 3414 sic
1114 3349 1312 3413 metiendum

172 3453 255 3534 Quia
281 3456 381 3522 anast
408 3457 509 3522 bondo.
556 3455 617 3522 Sed
645 3456 742 3521 latius
766 3458 863 3522 etiam
886 3458 935 3521 ris
958 3459 1050 3542 patet
1072 3454 1312 3522 demonstratae

170 3561 270 3629 drab
292 3564 508 3652 mansurae.*)
554 3563 642 3629 Nam
666 3586 747 3648 quae
770 3563 977 3630 liberioribus
1002 3584 1078 3628 sano
1103 3563 1214 3628 metris
1239 3585 1312 3628 con·

172 3690 263 3734 cessa
300 3674 350 3735 eat-
385 3673 469 3751 lom,
505 3673 535 3738 io
573 3671 774 3756 syllabarum
812 3670 984 3755 synizesis‚
1021 3674 1059 3735 ut
1094 3670 1312 3756 anapaesticis

171 3775 260 3842 Trin.
286 3778 384 3844 1115:

260 3919 322 3984 Hic
345 3920 477 3986 homost
501 3921 644 3986 omnium
668 3921 836 3986 hominum
859 3921 1050 4006 praecipuos

171 4057 241 4143 (ubi
275 4062 590 4147 transponendorum
624 4064 783 4128 bominum
810 4066 949 4130 manium
988 4063 1048 4145 [sic
1076 4059 1192 4144 Trinl]
1221 4050 1313 4128 nulla

172 4176 384 4189 ⁵———-—-

241 4236 267 4306 *)
286 4235 339 4307 [Ol.
354 4237 521 4294 Muellerum
536 4239 570 4295 de
584 4256 656 4310 pros.
671 4239 766 4295 Plauti
784 4259 811 4310 p.
822 4245 887 4308 3683
907 4239 1008 4309 Opusc.
1023 4238 1091 4309 phil.
1107 4239 1146 4292 111
1160 4256 1187 4308 p.
1199 4244 1250 4293 180
1257 4239 1313 4310 sq]
