2962 5032
419 224 686 273 nnasnamoms
709 225 916 272 nnavmnaa.
1180 207 1244 272 399

93 367 293 434 credendum
330 371 393 452 est,
435 389 516 452 quae
553 390 626 432 oum
662 369 805 454 reliquas
842 367 1045 433 condiciones
1083 368 1245 433 admissae

93 474 280 559 ecthlipsis,
308 475 374 541 sive
403 498 582 562 syncopam
611 477 716 542 dicere
745 476 860 559 males,
894 498 1006 540 omnes
1034 476 1185 560 expleant
1213 479 1245 539 et

96 605 165 648 una
186 586 316 647 tanturn
340 605 378 648 ax
402 588 495 668 parte
515 607 534 649 a
553 582 771 648 consimilium
790 582 945 647 societate
967 582 1126 667 recedant,
1149 582 1245 647 facile

94 693 272 774 potuerunt
308 689 380 773 ipso
415 689 586 754 cottidiani
621 690 781 755 sermonis
811 712 872 754 usu
905 694 937 754 et
969 690 1151 755 incredibili
1182 690 1244 755 fre·

96 797 230 883 quentia
248 798 282 861 in
301 796 486 861 breviorum
508 797 627 880 qn’dena
650 798 725 880 ap'd
746 797 924 862 formarum
944 797 1084 881 speciem
1103 819 1245 881 pronun·

95 903 211 968 tiando
239 901 349 968 deteri.
396 902 488 979 Quod
516 903 614 967 simul
643 908 740 988 atque
769 903 971 967 intellectum
999 908 1062 987 est,
1091 925 1159 967 non
1188 904 1245 968 ali-

96 1010 325 1095 quammultos,
349 1009 405 1074 sed
428 1015 580 1076 centenos
605 1010 750 1076 senarios
775 1011 1048 1094 septenariosque,
1070 1011 1242 1095 inquibus

96 1120 193 1181 tanta
216 1136 353 1200 regnare
377 1117 541 1201 elegantia
562 1136 771 1182 numerorum
795 1116 890 1199 solet,
919 1139 939 1181 a
965 1117 1133 1202 neglectae
1160 1117 1245 1201 posi·

99 1223 198 1289 tionis
223 1223 376 1288 scabritie
398 1227 555 1308 purgatos
578 1222 694 1287 habes:
724 1224 849 1308 aliquot
877 1245 988 1289 versus
1013 1225 1110 1289 etiam
1135 1247 1155 1288 a
1177 1246 1245 1288 eor·

100 1330 248 1414 ruptelaa
281 1330 461 1414 suspitione
493 1327 688 1414 vindicatos,
722 1334 758 1394 ut
788 1329 876 1395 Trin.
903 1329 956 1394 58.
1007 1328 1131 1414 Quippe
1160 1330 1245 1395 nihil

97 1438 270 1522 quicquam
298 1436 522 1521 impedimenti
551 1458 621 1501 esse
650 1441 791 1521 constat,
819 1437 1006 1522 quominus,
1034 1457 1116 1520 quaa
1140 1436 1244 1521 syni-

96 1543 179 1608 acsi
209 1543 322 1607 binae
354 1542 531 1626 syllabae
560 1542 598 1606 in
630 1565 740 1607 unam
771 1547 922 1628 coeunt,
953 1545 1041 1607 ante
1071 1544 1245 1608 vocalem

96 1648 301 1714 elidantur
322 1648 576 1734 delitescantque
599 1649 839 1733 pronuntiando
863 1672 996 1734 prorsus
1020 1649 1060 1713 ad
1085 1649 1246 1714 rationem

95 1755 297 1840 simplicium
315 1755 478 1821 vocalium
497 1755 547 1820 vel
567 1754 854 1841 diphthongomm.
887 1755 1166 1834 Quemadmodum
1184 1756 1245 1840 igi·
1260 1779 1333 1820 cmv

97 1867 156 1927 tur
184 1863 222 1926 fit
249 1867 286 1929 ut
314 1884 372 1947 pro
401 1862 493 1927 nulla
521 1862 648 1947 syllaba
675 1863 935 1947 monosyllabum
959 1865 1005 1927 nn
1028 1862 1071 1927 sit
1094 1864 1129 1926 in
1152 1864 1180 1926 ei
1201 1863 1248 1926 rei

94 1971 224 2053 όρονανη
257 1992 286 2034 ν.
318 1970 389 2048 119,
418 1971 447 2034 ei
475 1971 522 2033 rel
549 1970 733 2053 drpsnnenta
762 1969 842 2054 522,
879 1961 908 2034 la·
944 1971 989 2033 rcn'
1020 1969 1144 2052 opcndrn
1181 1968 1247 2033 865

96 2074 311 2162 (quamquam
330 2075 365 2140 in
382 2075 434 2140 his
453 2079 563 2161 potest
583 2097 660 2141 sane
682 2098 716 2140 rc
734 2077 892 2160 scriptum
911 2076 1011 2141 fuisse
1031 2076 1085 2157 [ef.
1099 2099 1129 2159 p.
1143 2075 1247 2159 3459,

93 2183 150 2248 vel
175 2204 208 2246 eo
230 2181 263 2246 in
285 2182 349 2246 ndn
370 2203 403 2246 eo
425 2182 498 2246 leoco
519 2184 587 2246 dico
611 2183 690 2266 341,
712 2183 845 2248 laceranda
867 2204 900 2248 eo
923 2182 1036 2247 donata
1059 2180 1170 2265 852*),
1193 2182 1247 2246 cle

93 2288 229 2354 andrense
256 2310 289 2353 co
318 2289 417 2370 nsqnc'
444 2290 533 2354 morlo
561 2290 635 2375 827,
663 2291 691 2353 rn'
717 2289 752 2353 in
780 2289 907 2354 tolerare
934 2291 962 2353 ei
988 2291 1145 2372 apostatem
1172 2288 1247 2366 338,

94 2417 166 2461 arceo
193 2396 228 2460 in
253 2395 419 2477 copulabis
444 2417 509 2461 naec
536 2397 691 2461 arbitratu
714 2396 789 2474 990,
817 2401 903 2459 turena
930 2396 965 2459 in
987 2397 1137 2461 indicione
1160 2400 1247 2458 lanne

93 2503 240 2568 smerdes
268 2501 333 2566 675
361 2503 513 2582 [incendio
539 2503 680 2567 incendes
707 2498 843 2584 Trin.²],
874 2522 964 2567 mana
991 2503 1025 2567 in
1055 2502 1248 2583 despondisse

94 2632 193 2677 strom
215 2612 250 2674 a‘n
275 2609 369 2687 1133,
395 2610 447 2690 fui
470 2610 504 2674 in
526 2610 620 2674 occisa
641 2610 692 2690 sni
713 2607 771 2672 lade
796 2609 896 2673 1090:
924 2610 973 2674 ita
995 2609 1077 2673 nihil
1101 2607 1247 2692 profecto

96 2717 289 2784 offensionis
317 2716 437 2781 habere
465 2717 657 2782 delitescens
685 2717 808 2798 qan'dnn
831 2717 882 2781 vel
907 2717 986 2781 alibi
1009 2738 1076 2781 non
1098 2736 1172 2781 raro
1195 2714 1246 2780 vel

99 2825 192 2890 Trin.
216 2847 245 2890 ν.
269 2824 311 2889 58
335 2827 457 2908 potest:

212 2947 298 3013 Dum
322 2947 452 3033 quidem
475 2946 583 3010 he'rcle
608 2946 709 3028 [Men
731 2950 854 3030 paridem
876 2948 973 3012 hercle
994 2944 1114 3028 Trin.²]
1139 2951 1246 3012 tecum

687 3059 791 3139 ndpta
815 3056 868 3139 sit,
891 3057 969 3120 sane
993 3053 1157 3140 uelim.**)

102 3198 308 3283 Quamquam
328 3198 442 3263 modus
466 3197 499 3262 in
522 3196 573 3261 his
597 3196 755 3261 tenendus
781 3201 842 3262 est:
865 3198 994 3281 ineptus
1019 3197 1062 3262 sit
1085 3197 1169 3261 enim
1194 3197 1248 3281 qui

100 3328 216 3371 versus
239 3305 303 3370 559
326 3305 521 3389 principium
539 3304 632 3369 Meus
653 3305 775 3386 quietern
792 3303 888 3368 hercle
906 3304 965 3368 tali
985 3303 1121 3367 artificio
1140 3301 1249 3368 defen-

102 3433 176 3477 sum
201 3414 267 3495 eat,
296 3417 333 3477 ut
360 3412 427 3476 sive
456 3415 667 3496 anapaestum
696 3411 763 3475 sive
792 3410 970 3494 spondeum
998 3409 1082 3473 effici
1109 3430 1193 3473 cernes
1216 3412 1250 3473 et

101 3519 158 3584 ner
180 3518 313 3604 syllabis
333 3519 427 3603 dicat,
449 3519 533 3583 inter
552 3542 631 3603 quas
650 3519 772 3600 qualern
790 3516 968 3581 deliteseat.
1001 3513 1063 3579 Sed
1082 3515 1121 3579 de
1141 3537 1168 3579 v.
1184 3515 1248 3579 806

193 3766 219 3835 *)
240 3765 291 3834 [Ol.
312 3765 412 3837 Opusc.
432 3764 500 3834 phil,
520 3765 559 3818 IV
577 3784 603 3835 p.
624 3765 697 3835 772]

176 3853 218 3922 **)
239 3853 292 3923 [Ex
316 3853 709 3923 Addandisp.eccxxv11:
739 3853 782 3922 ‘p
806 3866 877 3907 οων
900 3851 1029 3906 defensae
1053 3852 1118 3905 dnm
1140 3853 1248 3920 qnidam

104 3941 309 4013 particularum
332 3959 478 3998 mansurae
501 3944 613 4013 praeter
636 3942 693 3997 alia
716 3943 786 3997 haec
808 3941 1021 4012 patrocinantur
1044 3938 1143 3995 Bacch.
1163 3939 1247 4009 11,2‚

102 4037 147 4086 aa.
167 4031 201 4100 11¹
221 4039 246 4100 a,
266 4037 331 4086 raa:

215 4137 287 4192 Dum
307 4138 419 4207 quidam
438 4138 492 4192 hoc
511 4136 619 4193 ualebit
636 4138 734 4207 pectus
752 4137 869 4207 perfidia
887 4153 993 4191 meum:

213 4225 243 4279 Si
262 4226 375 4295 quidem
393 4227 440 4281 hic
459 4225 600 4295 relinquet
617 4227 707 4294 nequa
725 4241 821 4280 secum
840 4224 961 4279 abducet
979 4239 1075 4278 senex:

103 4350 225 4403 quorum
243 4334 342 4388 neutro
362 4333 455 4389 deleto
473 4332 636 4402 pronomine
654 4349 724 4403 opus
743 4333 838 4404 erat']
