<?xml version="1.0" encoding="UTF-8"?>
<!DOCTYPE html PUBLIC "-//W3C//DTD XHTML 1.0 Transitional//EN"
    "http://www.w3.org/TR/xhtml1/DTD/xhtml1-transitional.dtd">
<html xmlns="http://www.w3.org/1999/xhtml" xml:lang="en" lang="en">
 <head>
  <title>
</title>
<meta http-equiv="Content-Type" content="text/html;charset=utf-8" />
  <meta name='ocr-system' content='tesseract 3.04.00' />
  <meta name='ocr-capabilities' content='ocr_page ocr_carea ocr_par ocr_line ocrx_word'/>
</head>
<body>
  <div class='ocr_page' id='page_1' title='image "./fridericiritsch02wachgoog_0501.png"; bbox 0 0 2926 5040; ppageno 0'>
   <div class='ocr_carea' id='block_1_1' title="bbox 155 126 1008 191">
    <p class='ocr_par' dir='ltr' id='par_1_1' title="bbox 155 126 1008 191">
     <span class='ocr_line' id='line_1_1' title="bbox 155 126 1008 191; baseline -0.001 -1"><span class='ocrx_word' id='word_1_1' title='bbox 155 126 221 191; x_wconf 79' lang='grc'>482</span> <span class='ocrx_word' id='word_1_2' title='bbox 443 139 703 190; x_wconf 76' lang='lat' dir='ltr'>anouaoonunn</span> <span class='ocrx_word' id='word_1_3' title='bbox 727 141 774 188; x_wconf 86' lang='lat' dir='ltr'>oa</span> <span class='ocrx_word' id='word_1_4' title='bbox 797 138 1008 189; x_wconf 78' lang='lat' dir='ltr'>narronnrvs</span> 
     </span>
    </p>
   </div>
   <div class='ocr_carea' id='block_1_2' title="bbox 59 283 1356 3361">
    <p class='ocr_par' dir='ltr' id='par_1_2' title="bbox 59 283 1356 3361">
     <span class='ocr_line' id='line_1_2' title="bbox 156 283 1306 371; baseline -0.002 -20"><span class='ocrx_word' id='word_1_5' title='bbox 156 308 309 371; x_wconf 78' lang='lat' dir='ltr'>generum</span> <span class='ocrx_word' id='word_1_6' title='bbox 328 289 443 351; x_wconf 91' lang='lat' dir='ltr'>neutro</span> <span class='ocrx_word' id='word_1_7' title='bbox 463 286 634 352; x_wconf 86' lang='lat' dir='ltr'>fluctuabit</span> <span class='ocrx_word' id='word_1_8' title='bbox 651 287 813 370; x_wconf 89' lang='lat' dir='ltr'>iudicium,</span> <span class='ocrx_word' id='word_1_9' title='bbox 837 289 871 351; x_wconf 88' lang='lat' dir='ltr'>at</span> <span class='ocrx_word' id='word_1_10' title='bbox 889 287 928 350; x_wconf 89' lang='lat' dir='ltr'>de</span> <span class='ocrx_word' id='word_1_11' title='bbox 945 286 1063 352; x_wconf 86' lang='lat' dir='ltr'>horum</span> <span class='ocrx_word' id='word_1_12' title='bbox 1083 283 1306 368; x_wconf 79' lang='lat' dir='ltr'>mirititudine,</span> 
     </span>
     <span class='ocr_line' id='line_1_3' title="bbox 156 392 1306 479; baseline -0.003 -21"><span class='ocrx_word' id='word_1_13' title='bbox 156 415 237 479; x_wconf 92' lang='lat' dir='ltr'>quae</span> <span class='ocrx_word' id='word_1_14' title='bbox 267 397 343 458; x_wconf 90' lang='lat' dir='ltr'>sunt</span> <span class='ocrx_word' id='word_1_15' title='bbox 366 393 472 457; x_wconf 90' lang='lat' dir='ltr'>media</span> <span class='ocrx_word' id='word_1_16' title='bbox 494 415 553 459; x_wconf 86' lang='lat' dir='ltr'>neo</span> <span class='ocrx_word' id='word_1_17' title='bbox 575 398 632 458; x_wconf 90' lang='lat' dir='ltr'>sut</span> <span class='ocrx_word' id='word_1_18' title='bbox 656 415 789 479; x_wconf 84' lang='lat' dir='ltr'>gravem</span> <span class='ocrx_word' id='word_1_19' title='bbox 812 394 1028 459; x_wconf 82' lang='lat' dir='ltr'>intentionem</span> <span class='ocrx_word' id='word_1_20' title='bbox 1049 392 1227 479; x_wconf 83' lang='lat' dir='ltr'>postulant</span> <span class='ocrx_word' id='word_1_21' title='bbox 1247 396 1306 457; x_wconf 81' lang='lat' dir='ltr'>ant</span> 
     </span>
     <span class='ocr_line' id='line_1_4' title="bbox 157 500 1304 584; baseline -0.001 -19"><span class='ocrx_word' id='word_1_22' title='bbox 157 500 280 565; x_wconf 87' lang='lat' dir='ltr'>nullam</span> <span class='ocrx_word' id='word_1_23' title='bbox 304 501 490 584; x_wconf 87' lang='lat' dir='ltr'>admittunt,</span> <span class='ocrx_word' id='word_1_24' title='bbox 515 523 610 584; x_wconf 81' lang='lat' dir='ltr'>saepe</span> <span class='ocrx_word' id='word_1_25' title='bbox 633 523 698 565; x_wconf 92' lang='lat' dir='ltr'>non</span> <span class='ocrx_word' id='word_1_26' title='bbox 723 523 895 584; x_wconf 86' lang='lat' dir='ltr'>possumus</span> <span class='ocrx_word' id='word_1_27' title='bbox 918 523 985 566; x_wconf 91' lang='lat' dir='ltr'>non</span> <span class='ocrx_word' id='word_1_28' title='bbox 1003 500 1218 565; x_wconf 83' lang='lat' dir='ltr'>vehementer</span> <span class='ocrx_word' id='word_1_29' title='bbox 1238 520 1304 563; x_wconf 81' lang='lat' dir='ltr'>am·</span> 
     </span>
     <span class='ocr_line' id='line_1_5' title="bbox 157 605 1302 692; baseline -0.003 -21"><span class='ocrx_word' id='word_1_30' title='bbox 157 608 267 692; x_wconf 82' lang='lat' dir='ltr'>bigere</span> <span class='ocrx_word' id='word_1_31' title='bbox 295 611 403 671; x_wconf 88' lang='lat' dir='ltr'>utrum</span> <span class='ocrx_word' id='word_1_32' title='bbox 434 607 602 672; x_wconf 78' lang='lat' dir='ltr'>intendere</span> <span class='ocrx_word' id='word_1_33' title='bbox 631 630 673 671; x_wconf 90' lang='lat' dir='ltr'>an</span> <span class='ocrx_word' id='word_1_34' title='bbox 700 630 767 672; x_wconf 92' lang='lat' dir='ltr'>non</span> <span class='ocrx_word' id='word_1_35' title='bbox 796 608 964 672; x_wconf 74' lang='lat' dir='ltr'>intendere</span> <span class='ocrx_word' id='word_1_36' title='bbox 991 608 1084 692; x_wconf 87' lang='lat' dir='ltr'>ipsos</span> <span class='ocrx_word' id='word_1_37' title='bbox 1111 611 1229 691; x_wconf 70' lang='lat' dir='ltr'>poetas</span> <span class='ocrx_word' id='word_1_38' title='bbox 1252 605 1302 670; x_wconf 81' lang='lat' dir='ltr'>rel</span> 
     </span>
     <span class='ocr_line' id='line_1_6' title="bbox 159 713 1322 799; baseline -0.002 -20"><span class='ocrx_word' id='word_1_39' title='bbox 159 715 298 779; x_wconf 81' lang='lat' dir='ltr'>voluisse</span> <span class='ocrx_word' id='word_1_40' title='bbox 321 715 371 779; x_wconf 86' lang='lat' dir='ltr'>vel</span> <span class='ocrx_word' id='word_1_41' title='bbox 395 716 538 799; x_wconf 89' lang='lat' dir='ltr'>potuisse</span> <span class='ocrx_word' id='word_1_42' title='bbox 563 713 715 780; x_wconf 89' lang='lat' dir='ltr'>dicamus.</span> <span class='ocrx_word' id='word_1_43' title='bbox 761 715 806 779; x_wconf 84' lang='lat' dir='ltr'>Et</span> <span class='ocrx_word' id='word_1_44' title='bbox 828 718 937 779; x_wconf 61' lang='lat' dir='ltr'>umen</span> <span class='ocrx_word' id='word_1_45' title='bbox 960 715 997 798; x_wconf 90' lang='lat' dir='ltr'>si,</span> <span class='ocrx_word' id='word_1_46' title='bbox 1021 736 1121 798; x_wconf 87' lang='lat' dir='ltr'>quarn</span> <span class='ocrx_word' id='word_1_47' title='bbox 1144 714 1196 778; x_wconf 93' lang='lat' dir='ltr'>illi</span> <span class='ocrx_word' id='word_1_48' title='bbox 1218 713 1322 778; x_wconf 81' lang='lat' dir='ltr'>viam¹</span> 
     </span>
     <span class='ocr_line' id='line_1_7' title="bbox 157 820 1300 906; baseline -0.003 -21"><span class='ocrx_word' id='word_1_49' title='bbox 157 821 328 905; x_wconf 88' lang='lat' dir='ltr'>tenuerint,</span> <span class='ocrx_word' id='word_1_50' title='bbox 350 820 498 886; x_wconf 83' lang='lat' dir='ltr'>volumus</span> <span class='ocrx_word' id='word_1_51' title='bbox 519 822 699 906; x_wconf 82' lang='lat' dir='ltr'>generatim</span> <span class='ocrx_word' id='word_1_52' title='bbox 719 821 863 904; x_wconf 88' lang='lat' dir='ltr'>definire,</span> <span class='ocrx_word' id='word_1_53' title='bbox 881 821 995 906; x_wconf 81' lang='lat' dir='ltr'>fugere</span> <span class='ocrx_word' id='word_1_54' title='bbox 1012 822 1178 886; x_wconf 88' lang='lat' dir='ltr'>neminem</span> <span class='ocrx_word' id='word_1_55' title='bbox 1196 824 1300 905; x_wconf 82' lang='lat' dir='ltr'>potest</span> 
     </span>
     <span class='ocr_line' id='line_1_8' title="bbox 59 926 1296 1012; baseline -0.001 -20"><span class='ocrx_word' id='word_1_56' title='bbox 59 952 141 992; x_wconf 76' lang='lat' dir='ltr'>coen</span> <span class='ocrx_word' id='word_1_57' title='bbox 156 929 188 992; x_wconf 92' lang='lat' dir='ltr'>id</span> <span class='ocrx_word' id='word_1_58' title='bbox 212 950 267 993; x_wconf 87' lang='lat' dir='ltr'>cos</span> <span class='ocrx_word' id='word_1_59' title='bbox 291 928 461 1011; x_wconf 73' lang='lat' dir='ltr'>studuisse,</span> <span class='ocrx_word' id='word_1_60' title='bbox 484 933 521 992; x_wconf 90' lang='lat' dir='ltr'>ut</span> <span class='ocrx_word' id='word_1_61' title='bbox 544 933 731 1012; x_wconf 90' lang='lat' dir='ltr'>quantum</span> <span class='ocrx_word' id='word_1_62' title='bbox 754 932 918 1011; x_wconf 75' lang='lat' dir='ltr'>possent</span> <span class='ocrx_word' id='word_1_63' title='bbox 941 934 1031 993; x_wconf 84' lang='lat' dir='ltr'>extra</span> <span class='ocrx_word' id='word_1_64' title='bbox 1055 929 1157 993; x_wconf 89' lang='lat' dir='ltr'>arsim</span> <span class='ocrx_word' id='word_1_65' title='bbox 1175 926 1296 992; x_wconf 86' lang='lat' dir='ltr'>nullum</span> 
     </span>
     <span class='ocr_line' id='line_1_9' title="bbox 157 1034 1292 1119; baseline -0.001 -20"><span class='ocrx_word' id='word_1_66' title='bbox 157 1036 288 1100; x_wconf 92' lang='lat' dir='ltr'>omnino</span> <span class='ocrx_word' id='word_1_67' title='bbox 311 1035 505 1100; x_wconf 83' lang='lat' dir='ltr'>vocabulum</span> <span class='ocrx_word' id='word_1_68' title='bbox 529 1035 734 1119; x_wconf 83' lang='lat' dir='ltr'>collocarent,</span> <span class='ocrx_word' id='word_1_69' title='bbox 758 1034 854 1100; x_wconf 88' lang='lat' dir='ltr'>modo</span> <span class='ocrx_word' id='word_1_70' title='bbox 877 1034 910 1099; x_wconf 91' lang='lat' dir='ltr'>id</span> <span class='ocrx_word' id='word_1_71' title='bbox 933 1035 1043 1119; x_wconf 87' lang='lat' dir='ltr'>aliqua</span> <span class='ocrx_word' id='word_1_72' title='bbox 1066 1035 1098 1099; x_wconf 89' lang='lat' dir='ltr'>vi</span> <span class='ocrx_word' id='word_1_73' title='bbox 1117 1034 1292 1119; x_wconf 85' lang='lat' dir='ltr'>praeditum</span> 
     </span>
     <span class='ocr_line' id='line_1_10' title="bbox 157 1142 1290 1227; baseline -0.003 -22"><span class='ocrx_word' id='word_1_74' title='bbox 157 1146 243 1207; x_wconf 91' lang='lat' dir='ltr'>esset</span> <span class='ocrx_word' id='word_1_75' title='bbox 266 1143 473 1227; x_wconf 84' lang='lat' dir='ltr'>quantumvis</span> <span class='ocrx_word' id='word_1_76' title='bbox 497 1163 536 1205; x_wconf 89' lang='lat' dir='ltr'>ea</span> <span class='ocrx_word' id='word_1_77' title='bbox 559 1142 684 1227; x_wconf 81' lang='lat' dir='ltr'>exigua,</span> <span class='ocrx_word' id='word_1_78' title='bbox 707 1142 764 1207; x_wconf 89' lang='lat' dir='ltr'>sed</span> <span class='ocrx_word' id='word_1_79' title='bbox 787 1146 824 1206; x_wconf 91' lang='lat' dir='ltr'>ut</span> <span class='ocrx_word' id='word_1_80' title='bbox 841 1164 1049 1207; x_wconf 89' lang='lat' dir='ltr'>numerorum</span> <span class='ocrx_word' id='word_1_81' title='bbox 1069 1142 1290 1224; x_wconf 83' lang='lat' dir='ltr'>verborumque</span> 
     </span>
     <span class='ocr_line' id='line_1_11' title="bbox 158 1245 1304 1333; baseline -0.003 -21"><span class='ocrx_word' id='word_1_82' title='bbox 158 1248 286 1313; x_wconf 87' lang='lat' dir='ltr'>ordines</span> <span class='ocrx_word' id='word_1_83' title='bbox 311 1249 607 1314; x_wconf 86' lang='lat' dir='ltr'>mirificoartificio</span> <span class='ocrx_word' id='word_1_84' title='bbox 631 1253 829 1333; x_wconf 86' lang='lat' dir='ltr'>temperatos</span> <span class='ocrx_word' id='word_1_85' title='bbox 853 1253 1079 1333; x_wconf 79' lang='lat' dir='ltr'>exaequarent</span> <span class='ocrx_word' id='word_1_86' title='bbox 1109 1245 1208 1313; x_wconf 89' lang='lat' dir='ltr'>Velut</span> <span class='ocrx_word' id='word_1_87' title='bbox 1227 1266 1304 1330; x_wconf 58' lang='lat' dir='ltr'>pers</span> 
     </span>
     <span class='ocr_line' id='line_1_12' title="bbox 157 1352 1309 1441; baseline -0.003 -21"><span class='ocrx_word' id='word_1_88' title='bbox 157 1379 248 1421; x_wconf 88' lang='lat' dir='ltr'>curre</span> <span class='ocrx_word' id='word_1_89' title='bbox 277 1356 321 1421; x_wconf 84' lang='lat' dir='ltr'>sis</span> <span class='ocrx_word' id='word_1_90' title='bbox 349 1358 384 1420; x_wconf 92' lang='lat' dir='ltr'>in</span> <span class='ocrx_word' id='word_1_91' title='bbox 412 1354 445 1418; x_wconf 94' lang='lat' dir='ltr'>id</span> <span class='ocrx_word' id='word_1_92' title='bbox 474 1355 618 1420; x_wconf 89' lang='lat' dir='ltr'>intentus</span> <span class='ocrx_word' id='word_1_93' title='bbox 647 1357 844 1441; x_wconf 88' lang='lat' dir='ltr'>principium</span> <span class='ocrx_word' id='word_1_94' title='bbox 871 1354 1068 1421; x_wconf 87' lang='lat' dir='ltr'>Trinummi:</span> <span class='ocrx_word' id='word_1_95' title='bbox 1105 1376 1182 1419; x_wconf 91' lang='lat' dir='ltr'>suos</span> <span class='ocrx_word' id='word_1_96' title='bbox 1211 1352 1309 1427; x_wconf 56' lang='lat' dir='ltr'>ima</span> 
     </span>
     <span class='ocr_line' id='line_1_13' title="bbox 158 1462 1321 1547; baseline -0.003 -21"><span class='ocrx_word' id='word_1_97' title='bbox 158 1464 307 1528; x_wconf 87' lang='lat' dir='ltr'>metricos</span> <span class='ocrx_word' id='word_1_98' title='bbox 337 1463 474 1546; x_wconf 82' lang='lat' dir='ltr'>siugulis</span> <span class='ocrx_word' id='word_1_99' title='bbox 502 1462 570 1527; x_wconf 90' lang='lat' dir='ltr'>fere</span> <span class='ocrx_word' id='word_1_100' title='bbox 598 1463 732 1527; x_wconf 88' lang='lat' dir='ltr'>vocibus</span> <span class='ocrx_word' id='word_1_101' title='bbox 756 1484 825 1527; x_wconf 90' lang='lat' dir='ltr'>esse</span> <span class='ocrx_word' id='word_1_102' title='bbox 848 1463 1007 1547; x_wconf 86' lang='lat' dir='ltr'>invenies,</span> <span class='ocrx_word' id='word_1_103' title='bbox 1039 1462 1321 1545; x_wconf 78' lang='lat' dir='ltr'>paucitateman</span> 
     </span>
     <span class='ocr_line' id='line_1_14' title="bbox 158 1567 1319 1653; baseline 0.001 -21"><span class='ocrx_word' id='word_1_104' title='bbox 158 1569 317 1633; x_wconf 85' lang='lat' dir='ltr'>mirabere</span> <span class='ocrx_word' id='word_1_105' title='bbox 341 1590 464 1653; x_wconf 91' lang='lat' dir='ltr'>earum,</span> <span class='ocrx_word' id='word_1_106' title='bbox 497 1591 578 1653; x_wconf 89' lang='lat' dir='ltr'>quae</span> <span class='ocrx_word' id='word_1_107' title='bbox 602 1592 676 1633; x_wconf 89' lang='lat' dir='ltr'>cum</span> <span class='ocrx_word' id='word_1_108' title='bbox 698 1569 734 1633; x_wconf 92' lang='lat' dir='ltr'>in</span> <span class='ocrx_word' id='word_1_109' title='bbox 756 1568 841 1634; x_wconf 89' lang='lat' dir='ltr'>thesi</span> <span class='ocrx_word' id='word_1_110' title='bbox 864 1569 996 1652; x_wconf 87' lang='lat' dir='ltr'>cubent,</span> <span class='ocrx_word' id='word_1_111' title='bbox 1019 1568 1111 1633; x_wconf 90' lang='lat' dir='ltr'>nulla</span> <span class='ocrx_word' id='word_1_112' title='bbox 1134 1567 1183 1633; x_wconf 88' lang='lat' dir='ltr'>sui</span> <span class='ocrx_word' id='word_1_113' title='bbox 1202 1567 1319 1650; x_wconf 66' lang='lat' dir='ltr'>pathe</span> 
     </span>
     <span class='ocr_line' id='line_1_15' title="bbox 158 1672 1314 1760; baseline 0.003 -22"><span class='ocrx_word' id='word_1_114' title='bbox 158 1675 258 1739; x_wconf 82' lang='lat' dir='ltr'>araim</span> <span class='ocrx_word' id='word_1_115' title='bbox 286 1680 451 1760; x_wconf 86' lang='lat' dir='ltr'>occupent.</span> <span class='ocrx_word' id='word_1_116' title='bbox 502 1675 587 1740; x_wconf 90' lang='lat' dir='ltr'>Nam</span> <span class='ocrx_word' id='word_1_117' title='bbox 616 1677 714 1740; x_wconf 88' lang='lat' dir='ltr'>arsim</span> <span class='ocrx_word' id='word_1_118' title='bbox 742 1674 828 1759; x_wconf 89' lang='lat' dir='ltr'>quod</span> <span class='ocrx_word' id='word_1_119' title='bbox 855 1697 921 1739; x_wconf 90' lang='lat' dir='ltr'>non</span> <span class='ocrx_word' id='word_1_120' title='bbox 949 1697 1077 1759; x_wconf 84' lang='lat' dir='ltr'>semper</span> <span class='ocrx_word' id='word_1_121' title='bbox 1104 1696 1143 1739; x_wconf 89' lang='lat' dir='ltr'>ea</span> <span class='ocrx_word' id='word_1_122' title='bbox 1170 1672 1314 1756; x_wconf 72' lang='lat' dir='ltr'>syllaba</span> 
     </span>
     <span class='ocr_line' id='line_1_16' title="bbox 158 1778 1312 1866; baseline -0.001 -20"><span class='ocrx_word' id='word_1_123' title='bbox 158 1787 303 1865; x_wconf 91' lang='lat' dir='ltr'>occupat,</span> <span class='ocrx_word' id='word_1_124' title='bbox 326 1804 409 1865; x_wconf 89' lang='lat' dir='ltr'>quae</span> <span class='ocrx_word' id='word_1_125' title='bbox 433 1782 680 1866; x_wconf 82' lang='lat' dir='ltr'>grammaticum</span> <span class='ocrx_word' id='word_1_126' title='bbox 704 1785 872 1846; x_wconf 88' lang='lat' dir='ltr'>accentum</span> <span class='ocrx_word' id='word_1_127' title='bbox 896 1782 1005 1865; x_wconf 90' lang='lat' dir='ltr'>habet,</span> <span class='ocrx_word' id='word_1_128' title='bbox 1026 1782 1061 1845; x_wconf 94' lang='lat' dir='ltr'>id</span> <span class='ocrx_word' id='word_1_129' title='bbox 1085 1780 1166 1846; x_wconf 88' lang='lat' dir='ltr'>nihil</span> <span class='ocrx_word' id='word_1_130' title='bbox 1186 1779 1221 1843; x_wconf 87' lang='lat' dir='ltr'>ad</span> <span class='ocrx_word' id='word_1_131' title='bbox 1239 1778 1312 1845; x_wconf 86' lang='lat' dir='ltr'>lo·</span> 
     </span>
     <span class='ocr_line' id='line_1_17' title="bbox 158 1883 1356 1977; baseline -0.006 -24"><span class='ocrx_word' id='word_1_132' title='bbox 158 1888 265 1973; x_wconf 81' lang='lat' dir='ltr'>gicum</span> <span class='ocrx_word' id='word_1_133' title='bbox 288 1889 442 1972; x_wconf 86' lang='lat' dir='ltr'>pertinet:</span> <span class='ocrx_word' id='word_1_134' title='bbox 473 1889 524 1953; x_wconf 90' lang='lat' dir='ltr'>cui</span> <span class='ocrx_word' id='word_1_135' title='bbox 549 1888 679 1973; x_wconf 88' lang='lat' dir='ltr'>quidem</span> <span class='ocrx_word' id='word_1_136' title='bbox 700 1911 767 1953; x_wconf 91' lang='lat' dir='ltr'>non</span> <span class='ocrx_word' id='word_1_137' title='bbox 790 1888 899 1952; x_wconf 90' lang='lat' dir='ltr'>minus</span> <span class='ocrx_word' id='word_1_138' title='bbox 923 1889 1046 1953; x_wconf 87' lang='lat' dir='ltr'>satisfit</span> <span class='ocrx_word' id='word_1_139' title='bbox 1068 1890 1097 1953; x_wconf 88' lang='lat' dir='ltr'>si</span> <span class='ocrx_word' id='word_1_140' title='bbox 1120 1887 1205 1953; x_wconf 85' lang='lat' dir='ltr'>velut</span> <span class='ocrx_word' id='word_1_141' title='bbox 1223 1883 1308 1948; x_wconf 79' lang='lat' dir='ltr'>riui</span> <span class='ocrx_word' id='word_1_142' title='bbox 1353 1946 1356 1977; x_wconf 70' lang='lat'>,</span> 
     </span>
     <span class='ocr_line' id='line_1_18' title="bbox 158 1995 1309 2076; baseline -0.005 -18"><span class='ocrx_word' id='word_1_143' title='bbox 158 1996 337 2060; x_wconf 82' lang='lat' dir='ltr'>sententiae</span> <span class='ocrx_word' id='word_1_144' title='bbox 360 1995 483 2059; x_wconf 88' lang='lat' dir='ltr'>habens</span> <span class='ocrx_word' id='word_1_145' title='bbox 509 1996 599 2060; x_wconf 70' lang='lat' dir='ltr'>ordeo</span> <span class='ocrx_word' id='word_1_146' title='bbox 622 1996 671 2059; x_wconf 82' lang='lat' dir='ltr'>vel</span> <span class='ocrx_word' id='word_1_147' title='bbox 696 2015 823 2076; x_wconf 81' lang='lat' dir='ltr'>aequom</span> <span class='ocrx_word' id='word_1_148' title='bbox 846 2015 1055 2059; x_wconf 86' lang='lat' dir='ltr'>numerorum</span> <span class='ocrx_word' id='word_1_149' title='bbox 1078 1998 1309 2059; x_wconf 74' lang='lat' dir='ltr'>accentuum</span> 
     </span>
     <span class='ocr_line' id='line_1_19' title="bbox 158 2098 1356 2187; baseline 0.001 -22"><span class='ocrx_word' id='word_1_150' title='bbox 158 2101 219 2166; x_wconf 88' lang='lat' dir='ltr'>hoo</span> <span class='ocrx_word' id='word_1_151' title='bbox 243 2102 436 2185; x_wconf 83' lang='lat' dir='ltr'>intenditur,</span> <span class='ocrx_word' id='word_1_152' title='bbox 457 2104 559 2178; x_wconf 77' lang='lat' dir='ltr'>uideo,</span> <span class='ocrx_word' id='word_1_153' title='bbox 582 2104 723 2184; x_wconf 60' lang='lat' dir='ltr'>aequore</span> <span class='ocrx_word' id='word_1_154' title='bbox 747 2103 802 2166; x_wconf 90' lang='lat' dir='ltr'>sed</span> <span class='ocrx_word' id='word_1_155' title='bbox 825 2101 887 2167; x_wconf 92' lang='lat' dir='ltr'>hoc</span> <span class='ocrx_word' id='word_1_156' title='bbox 910 2103 1018 2187; x_wconf 88' lang='lat' dir='ltr'>potius</span> <span class='ocrx_word' id='word_1_157' title='bbox 1041 2103 1143 2181; x_wconf 70' lang='grc' dir='ltr'>ιιιῗᾶοό,</span> <span class='ocrx_word' id='word_1_158' title='bbox 1164 2098 1308 2182; x_wconf 56' lang='lat' dir='ltr'>aqam</span> <span class='ocrx_word' id='word_1_159' title='bbox 1354 2098 1356 2113; x_wconf 91' lang='lat'>&#39;</span> 
     </span>
     <span class='ocr_line' id='line_1_20' title="bbox 158 2205 1308 2292; baseline 0.003 -21"><span class='ocrx_word' id='word_1_160' title='bbox 158 2205 233 2272; x_wconf 91' lang='lat' dir='ltr'>Non</span> <span class='ocrx_word' id='word_1_161' title='bbox 261 2208 323 2273; x_wconf 90' lang='lat' dir='ltr'>hoo</span> <span class='ocrx_word' id='word_1_162' title='bbox 351 2210 470 2292; x_wconf 89' lang='lat' dir='ltr'>dicam,</span> <span class='ocrx_word' id='word_1_163' title='bbox 502 2209 584 2273; x_wconf 90' lang='lat' dir='ltr'>nihil</span> <span class='ocrx_word' id='word_1_164' title='bbox 615 2230 748 2292; x_wconf 90' lang='lat' dir='ltr'>prorsus</span> <span class='ocrx_word' id='word_1_165' title='bbox 776 2209 933 2274; x_wconf 87' lang='lat' dir='ltr'>interesse</span> <span class='ocrx_word' id='word_1_166' title='bbox 956 2209 997 2273; x_wconf 88' lang='lat' dir='ltr'>ad</span> <span class='ocrx_word' id='word_1_167' title='bbox 1020 2209 1088 2274; x_wconf 83' lang='lat' dir='ltr'>vim</span> <span class='ocrx_word' id='word_1_168' title='bbox 1111 2206 1308 2275; x_wconf 63' lang='lat' dir='ltr'>sententiae,</span> 
     </span>
     <span class='ocr_line' id='line_1_21' title="bbox 159 2314 1309 2413; baseline 0 -35"><span class='ocrx_word' id='word_1_169' title='bbox 159 2320 266 2380; x_wconf 90' lang='lat' dir='ltr'>utrum</span> <span class='ocrx_word' id='word_1_170' title='bbox 289 2317 328 2413; x_wconf 54' lang='lat' dir='ltr'>in,</span> <span class='ocrx_word' id='word_1_171' title='bbox 347 2338 418 2380; x_wconf 90' lang='lat' dir='ltr'>eam</span> <span class='ocrx_word' id='word_1_172' title='bbox 443 2314 618 2399; x_wconf 81' lang='lat' dir='ltr'>syllabam,</span> <span class='ocrx_word' id='word_1_173' title='bbox 641 2337 738 2400; x_wconf 90' lang='lat' dir='ltr'>quam</span> <span class='ocrx_word' id='word_1_174' title='bbox 762 2316 960 2381; x_wconf 88' lang='lat' dir='ltr'>consuetudo</span> <span class='ocrx_word' id='word_1_175' title='bbox 982 2317 1114 2402; x_wconf 81' lang='lat' dir='ltr'>linguae</span> <span class='ocrx_word' id='word_1_176' title='bbox 1137 2314 1228 2398; x_wconf 87' lang='lat' dir='ltr'>acuit,</span> <span class='ocrx_word' id='word_1_177' title='bbox 1250 2319 1309 2372; x_wconf 70' lang='lat'>⁸2</span> 
     </span>
     <span class='ocr_line' id='line_1_22' title="bbox 158 2406 1307 2508; baseline 0.001 -23"><span class='ocrx_word' id='word_1_178' title='bbox 158 2423 286 2487; x_wconf 87' lang='lat' dir='ltr'>ineam</span> <span class='ocrx_word' id='word_1_179' title='bbox 311 2444 392 2507; x_wconf 87' lang='lat' dir='ltr'>quae</span> <span class='ocrx_word' id='word_1_180' title='bbox 416 2424 630 2508; x_wconf 83' lang='lat' dir='ltr'>grammatico</span> <span class='ocrx_word' id='word_1_181' title='bbox 654 2427 788 2487; x_wconf 88' lang='lat' dir='ltr'>accentu</span> <span class='ocrx_word' id='word_1_182' title='bbox 811 2425 912 2507; x_wconf 87' lang='lat' dir='ltr'>caret,</span> <span class='ocrx_word' id='word_1_183' title='bbox 941 2424 1024 2488; x_wconf 88' lang='lat' dir='ltr'>ictus</span> <span class='ocrx_word' id='word_1_184' title='bbox 1048 2424 1197 2488; x_wconf 82' lang='lat' dir='ltr'>metricus</span> <span class='ocrx_word' id='word_1_185' title='bbox 1210 2406 1307 2492; x_wconf 59' lang='grc' dir='ltr'><strong>ἐᾶθ’·</strong></span> 
     </span>
     <span class='ocr_line' id='line_1_23' title="bbox 158 2522 1304 2613; baseline 0 -21"><span class='ocrx_word' id='word_1_186' title='bbox 158 2528 226 2593; x_wconf 84' lang='lat' dir='ltr'>dat:</span> <span class='ocrx_word' id='word_1_187' title='bbox 250 2529 422 2594; x_wconf 88' lang='lat' dir='ltr'>concedam</span> <span class='ocrx_word' id='word_1_188' title='bbox 447 2529 598 2612; x_wconf 88' lang='lat' dir='ltr'>copulato</span> <span class='ocrx_word' id='word_1_189' title='bbox 622 2529 836 2613; x_wconf 83' lang='lat' dir='ltr'>grammatico</span> <span class='ocrx_word' id='word_1_190' title='bbox 860 2550 933 2593; x_wconf 90' lang='lat' dir='ltr'>cum</span> <span class='ocrx_word' id='word_1_191' title='bbox 956 2529 1145 2613; x_wconf 86' lang='lat' dir='ltr'>rhythmico</span> <span class='ocrx_word' id='word_1_192' title='bbox 1167 2522 1304 2593; x_wconf 63' lang='grc' dir='ltr'>αεωιῢΰ</span> 
     </span>
     <span class='ocr_line' id='line_1_24' title="bbox 160 2634 1299 2721; baseline -0.003 -21"><span class='ocrx_word' id='word_1_193' title='bbox 160 2637 302 2700; x_wconf 89' lang='lat' dir='ltr'>omniurn</span> <span class='ocrx_word' id='word_1_194' title='bbox 323 2636 537 2700; x_wconf 89' lang='lat' dir='ltr'>fortissimum</span> <span class='ocrx_word' id='word_1_195' title='bbox 557 2640 723 2700; x_wconf 87' lang='lat' dir='ltr'>accentum</span> <span class='ocrx_word' id='word_1_196' title='bbox 744 2635 884 2720; x_wconf 82' lang='lat' dir='ltr'>logicum</span> <span class='ocrx_word' id='word_1_197' title='bbox 903 2636 1049 2720; x_wconf 85' lang='lat' dir='ltr'>prodire:</span> <span class='ocrx_word' id='word_1_198' title='bbox 1073 2656 1157 2721; x_wconf 80' lang='lat' dir='ltr'>nego</span> <span class='ocrx_word' id='word_1_199' title='bbox 1174 2634 1299 2700; x_wconf 66' lang='lat' dir='ltr'>nullrffl</span> 
     </span>
     <span class='ocr_line' id='line_1_25' title="bbox 159 2741 1356 2828; baseline -0.002 -22"><span class='ocrx_word' id='word_1_200' title='bbox 159 2743 210 2806; x_wconf 82' lang='lat' dir='ltr'>vel</span> <span class='ocrx_word' id='word_1_201' title='bbox 234 2742 347 2806; x_wconf 84' lang='lat' dir='ltr'>exilem</span> <span class='ocrx_word' id='word_1_202' title='bbox 373 2744 441 2807; x_wconf 92' lang='lat' dir='ltr'>solo</span> <span class='ocrx_word' id='word_1_203' title='bbox 465 2741 647 2825; x_wconf 85' lang='lat' dir='ltr'>rhythmico</span> <span class='ocrx_word' id='word_1_204' title='bbox 672 2743 764 2806; x_wconf 89' lang='lat' dir='ltr'>effici.</span> <span class='ocrx_word' id='word_1_205' title='bbox 796 2741 888 2819; x_wconf 86' lang='lat' dir='ltr'>Quod</span> <span class='ocrx_word' id='word_1_206' title='bbox 911 2743 977 2807; x_wconf 90' lang='lat' dir='ltr'>nisi</span> <span class='ocrx_word' id='word_1_207' title='bbox 996 2744 1044 2808; x_wconf 90' lang='lat' dir='ltr'>ita</span> <span class='ocrx_word' id='word_1_208' title='bbox 1062 2748 1156 2828; x_wconf 84' lang='lat' dir='ltr'>esset,</span> <span class='ocrx_word' id='word_1_209' title='bbox 1177 2741 1295 2808; x_wconf 65' lang='lat' dir='ltr'>nullia!</span> <span class='ocrx_word' id='word_1_210' title='bbox 1349 2798 1356 2817; x_wconf 70' lang='lat'>,</span> 
     </span>
     <span class='ocr_line' id='line_1_26' title="bbox 161 2826 1356 2933; baseline 0.006 -21"><span class='ocrx_word' id='word_1_211' title='bbox 161 2872 312 2933; x_wconf 88' lang='lat' dir='ltr'>umquam</span> <span class='ocrx_word' id='word_1_212' title='bbox 341 2856 501 2933; x_wconf 84' lang='lat' dir='ltr'>oxytonae</span> <span class='ocrx_word' id='word_1_213' title='bbox 530 2852 617 2914; x_wconf 85' lang='lat' dir='ltr'>vocis</span> <span class='ocrx_word' id='word_1_214' title='bbox 647 2847 806 2933; x_wconf 88' lang='lat' dir='ltr'>(qualium</span> <span class='ocrx_word' id='word_1_215' title='bbox 835 2854 962 2913; x_wconf 88' lang='lat' dir='ltr'>tantam</span> <span class='ocrx_word' id='word_1_216' title='bbox 991 2872 1062 2914; x_wconf 89' lang='lat' dir='ltr'>esse</span> <span class='ocrx_word' id='word_1_217' title='bbox 1091 2851 1126 2914; x_wconf 91' lang='lat' dir='ltr'>in</span> <span class='ocrx_word' id='word_1_218' title='bbox 1157 2849 1288 2915; x_wconf 69' lang='lat' dir='ltr'>versibus</span> <span class='ocrx_word' id='word_1_219' title='bbox 1349 2826 1356 2919; x_wconf 82' lang='lat' dir='ltr'>l</span> 
     </span>
     <span class='ocr_line' id='line_1_27' title="bbox 159 2942 1355 3042; baseline 0.003 -24"><span class='ocrx_word' id='word_1_220' title='bbox 159 2957 371 3038; x_wconf 81' lang='lat' dir='ltr'>frequentiam</span> <span class='ocrx_word' id='word_1_221' title='bbox 401 2956 553 3041; x_wconf 77' lang='lat' dir='ltr'>vidimus)</span> <span class='ocrx_word' id='word_1_222' title='bbox 582 2958 712 3042; x_wconf 86' lang='lat' dir='ltr'>gravius</span> <span class='ocrx_word' id='word_1_223' title='bbox 740 2957 847 3020; x_wconf 86' lang='lat' dir='ltr'>efferri</span> <span class='ocrx_word' id='word_1_224' title='bbox 875 2956 966 3020; x_wconf 90' lang='lat' dir='ltr'>notio</span> <span class='ocrx_word' id='word_1_225' title='bbox 996 2942 1165 3040; x_wconf 79' lang='lat' dir='ltr'>potuisset.</span> <span class='ocrx_word' id='word_1_226' title='bbox 1212 2954 1285 3039; x_wconf 74' lang='lat' dir='ltr'>Ergo</span> <span class='ocrx_word' id='word_1_227' title='bbox 1352 2948 1355 2953; x_wconf 43' lang='lat'>¹</span> 
     </span>
     <span class='ocr_line' id='line_1_28' title="bbox 68 3061 1284 3143; baseline 0 -18"><span class='ocrx_word' id='word_1_228' title='bbox 68 3079 71 3084; x_wconf 84' lang='grc'><strong>’</strong></span> <span class='ocrx_word' id='word_1_229' title='bbox 161 3062 220 3125; x_wconf 86' lang='lat' dir='ltr'>etsi</span> <span class='ocrx_word' id='word_1_230' title='bbox 240 3061 351 3143; x_wconf 89' lang='lat' dir='ltr'>paullo</span> <span class='ocrx_word' id='word_1_231' title='bbox 371 3083 447 3125; x_wconf 87' lang='lat' dir='ltr'>sane</span> <span class='ocrx_word' id='word_1_232' title='bbox 468 3063 653 3128; x_wconf 88' lang='lat' dir='ltr'>distinctius</span> <span class='ocrx_word' id='word_1_233' title='bbox 673 3064 784 3126; x_wconf 84' lang='lat' dir='ltr'>extolli</span> <span class='ocrx_word' id='word_1_234' title='bbox 799 3065 940 3126; x_wconf 63' lang='lat' dir='ltr'>ortionem</span> <span class='ocrx_word' id='word_1_235' title='bbox 959 3065 1129 3128; x_wconf 87' lang='lat' dir='ltr'>notionem</span> <span class='ocrx_word' id='word_1_236' title='bbox 1150 3064 1284 3128; x_wconf 78' lang='lat' dir='ltr'>sentimus</span> 
     </span>
     <span class='ocr_line' id='line_1_29' title="bbox 160 3168 1285 3237; baseline 0 -6"><span class='ocrx_word' id='word_1_237' title='bbox 160 3168 220 3231; x_wconf 87' lang='lat' dir='ltr'>hac</span> <span class='ocrx_word' id='word_1_238' title='bbox 250 3169 462 3233; x_wconf 87' lang='lat' dir='ltr'>collocatione</span> <span class='ocrx_word' id='word_1_239' title='bbox 490 3172 660 3235; x_wconf 90' lang='lat' dir='ltr'>verborum</span> <span class='ocrx_word' id='word_1_240' title='bbox 684 3169 770 3234; x_wconf 83' lang='lat' dir='ltr'>Trin.</span> <span class='ocrx_word' id='word_1_241' title='bbox 795 3171 873 3234; x_wconf 89' lang='lat'>310:</span> <span class='ocrx_word' id='word_1_242' title='bbox 913 3170 961 3233; x_wconf 76' lang='lat' dir='ltr'>Tu</span> <span class='ocrx_word' id='word_1_243' title='bbox 984 3170 1128 3235; x_wconf 76' lang='lat' dir='ltr'>doiorum</span> <span class='ocrx_word' id='word_1_244' title='bbox 1151 3174 1179 3237; x_wconf 82' lang='lat' dir='ltr'>si</span> <span class='ocrx_word' id='word_1_245' title='bbox 1200 3169 1285 3235; x_wconf 63' lang='lat' dir='ltr'>omen·</span> 
     </span>
     <span class='ocr_line' id='line_1_30' title="bbox 154 3261 1290 3361; baseline 0.001 -22"><span class='ocrx_word' id='word_1_246' title='bbox 154 3275 315 3361; x_wconf 80' lang='lat' dir='ltr'>potius*),</span> <span class='ocrx_word' id='word_1_247' title='bbox 348 3300 445 3360; x_wconf 87' lang='lat' dir='ltr'>quam</span> <span class='ocrx_word' id='word_1_248' title='bbox 469 3261 529 3342; x_wconf 84' lang='lat' dir='ltr'>liae</span> <span class='ocrx_word' id='word_1_249' title='bbox 556 3279 606 3340; x_wconf 75' lang='lat' dir='ltr'>Te</span> <span class='ocrx_word' id='word_1_250' title='bbox 625 3279 654 3342; x_wconf 83' lang='lat' dir='ltr'>si</span> <span class='ocrx_word' id='word_1_251' title='bbox 676 3279 817 3340; x_wconf 65' lang='lat' dir='ltr'>animam</span> <span class='ocrx_word' id='word_1_252' title='bbox 840 3278 943 3341; x_wconf 76' lang='lat' dir='ltr'>oictsti</span> <span class='ocrx_word' id='word_1_253' title='bbox 960 3278 1080 3359; x_wconf 78' lang='lat' dir='ltr'>potius,</span> <span class='ocrx_word' id='word_1_254' title='bbox 1113 3283 1290 3343; x_wconf 77' lang='lat' dir='ltr'>taruennae</span> 
     </span>
    </p>
   </div>
   <div class='ocr_carea' id='block_1_3' title="bbox 159 3541 1356 4309">
    <p class='ocr_par' dir='ltr' id='par_1_3' title="bbox 159 3541 1356 4309">
     <span class='ocr_line' id='line_1_31' title="bbox 248 3541 1297 3613; baseline 0.003 -19"><span class='ocrx_word' id='word_1_255' title='bbox 248 3544 273 3610; x_wconf 79' lang='lat'>*)</span> <span class='ocrx_word' id='word_1_256' title='bbox 296 3542 356 3595; x_wconf 88' lang='lat' dir='ltr'>Hoc</span> <span class='ocrx_word' id='word_1_257' title='bbox 380 3542 403 3596; x_wconf 91' lang='lat' dir='ltr'>si</span> <span class='ocrx_word' id='word_1_258' title='bbox 429 3542 614 3612; x_wconf 79' lang='lat' dir='ltr'>elegantiores</span> <span class='ocrx_word' id='word_1_259' title='bbox 638 3542 747 3596; x_wconf 86' lang='lat' dir='ltr'>scilieet</span> <span class='ocrx_word' id='word_1_260' title='bbox 769 3542 849 3596; x_wconf 88' lang='lat' dir='ltr'>scioli</span> <span class='ocrx_word' id='word_1_261' title='bbox 867 3541 982 3612; x_wconf 89' lang='lat' dir='ltr'>quidam</span> <span class='ocrx_word' id='word_1_262' title='bbox 1002 3545 1156 3613; x_wconf 87' lang='lat' dir='ltr'>propterea</span> <span class='ocrx_word' id='word_1_263' title='bbox 1174 3560 1234 3599; x_wconf 85' lang='lat' dir='ltr'>esse</span> <span class='ocrx_word' id='word_1_264' title='bbox 1251 3542 1297 3599; x_wconf 84' lang='lat' dir='ltr'>ior·</span> 
     </span>
     <span class='ocr_line' id='line_1_32' title="bbox 159 3630 1356 3723; baseline 0.003 -38"><span class='ocrx_word' id='word_1_265' title='bbox 159 3631 214 3686; x_wconf 84' lang='lat' dir='ltr'>tius</span> <span class='ocrx_word' id='word_1_266' title='bbox 238 3631 274 3684; x_wconf 84' lang='lat' dir='ltr'>ad</span> <span class='ocrx_word' id='word_1_267' title='bbox 297 3631 465 3685; x_wconf 88' lang='lat' dir='ltr'>sententiam</span> <span class='ocrx_word' id='word_1_268' title='bbox 489 3648 572 3700; x_wconf 88' lang='lat' dir='ltr'>quam</span> <span class='ocrx_word' id='word_1_269' title='bbox 596 3634 719 3685; x_wconf 66' lang='lat' dir='ltr'>anianum</span> <span class='ocrx_word' id='word_1_270' title='bbox 737 3630 850 3699; x_wconf 87' lang='lat' dir='ltr'>docent,</span> <span class='ocrx_word' id='word_1_271' title='bbox 873 3632 948 3702; x_wconf 90' lang='lat' dir='ltr'>quod</span> <span class='ocrx_word' id='word_1_272' title='bbox 967 3631 996 3686; x_wconf 92' lang='lat' dir='ltr'>in</span> <span class='ocrx_word' id='word_1_273' title='bbox 1015 3634 1143 3687; x_wconf 70' lang='lat' dir='ltr'>(inimum</span> <span class='ocrx_word' id='word_1_274' title='bbox 1161 3635 1298 3688; x_wconf 83' lang='lat' dir='ltr'>accentum</span> <span class='ocrx_word' id='word_1_275' title='bbox 1354 3698 1356 3723; x_wconf 59' lang='grc' dir='ltr'>Ι</span> 
     </span>
     <span class='ocr_line' id='line_1_33' title="bbox 159 3720 1356 3791; baseline 0.002 -17"><span class='ocrx_word' id='word_1_276' title='bbox 159 3720 238 3774; x_wconf 84' lang='lat' dir='ltr'>radix</span> <span class='ocrx_word' id='word_1_277' title='bbox 258 3720 334 3774; x_wconf 84' lang='lat' dir='ltr'>vocis</span> <span class='ocrx_word' id='word_1_278' title='bbox 353 3720 479 3790; x_wconf 84' lang='lat' dir='ltr'>recipiat,</span> <span class='ocrx_word' id='word_1_279' title='bbox 498 3721 526 3774; x_wconf 91' lang='lat' dir='ltr'>in</span> <span class='ocrx_word' id='word_1_280' title='bbox 546 3739 601 3790; x_wconf 89' lang='lat' dir='ltr'>qua</span> <span class='ocrx_word' id='word_1_281' title='bbox 619 3720 681 3790; x_wconf 91' lang='lat' dir='ltr'>ipsa</span> <span class='ocrx_word' id='word_1_282' title='bbox 699 3720 820 3774; x_wconf 85' lang='lat' dir='ltr'>notionis</span> <span class='ocrx_word' id='word_1_283' title='bbox 839 3720 1007 3790; x_wconf 79' lang='lat' dir='ltr'>significatio</span> <span class='ocrx_word' id='word_1_284' title='bbox 1027 3722 1180 3791; x_wconf 85' lang='lat' dir='ltr'>consistat,</span> <span class='ocrx_word' id='word_1_285' title='bbox 1199 3724 1229 3777; x_wconf 92' lang='lat' dir='ltr'>in</span> <span class='ocrx_word' id='word_1_286' title='bbox 1247 3724 1301 3776; x_wconf 76' lang='lat' dir='ltr'>ani·</span> <span class='ocrx_word' id='word_1_287' title='bbox 1351 3752 1356 3783; x_wconf 53' lang='grc' dir='ltr'><strong><em>ς</em></strong></span> 
     </span>
     <span class='ocr_line' id='line_1_34' title="bbox 160 3809 1303 3880; baseline 0.003 -16"><span class='ocrx_word' id='word_1_288' title='bbox 160 3813 232 3864; x_wconf 74' lang='lat' dir='ltr'>metm</span> <span class='ocrx_word' id='word_1_289' title='bbox 252 3813 345 3864; x_wconf 84' lang='lat' dir='ltr'>autem</span> <span class='ocrx_word' id='word_1_290' title='bbox 365 3809 523 3864; x_wconf 86' lang='lat' dir='ltr'>adventicia</span> <span class='ocrx_word' id='word_1_291' title='bbox 541 3828 605 3879; x_wconf 86' lang='lat' dir='ltr'>pars</span> <span class='ocrx_word' id='word_1_292' title='bbox 625 3810 714 3877; x_wconf 84' lang='lat' dir='ltr'>vocis,</span> <span class='ocrx_word' id='word_1_293' title='bbox 733 3826 804 3879; x_wconf 89' lang='lat' dir='ltr'>quas</span> <span class='ocrx_word' id='word_1_294' title='bbox 823 3813 867 3864; x_wconf 85' lang='lat' dir='ltr'>est</span> <span class='ocrx_word' id='word_1_295' title='bbox 884 3809 1061 3880; x_wconf 78' lang='lat' dir='ltr'>terminatio,</span> <span class='ocrx_word' id='word_1_296' title='bbox 1080 3815 1215 3868; x_wconf 68' lang='lat' dir='ltr'>acuatur:</span> <span class='ocrx_word' id='word_1_297' title='bbox 1237 3811 1303 3867; x_wconf 81' lang='lat' dir='ltr'>nihil</span> 
     </span>
     <span class='ocr_line' id='line_1_35' title="bbox 159 3897 1304 3971; baseline 0.003 -19"><span class='ocrx_word' id='word_1_298' title='bbox 159 3897 213 3952; x_wconf 87' lang='lat' dir='ltr'>nisi</span> <span class='ocrx_word' id='word_1_299' title='bbox 237 3898 427 3968; x_wconf 83' lang='lat' dir='ltr'>ignorantiam</span> <span class='ocrx_word' id='word_1_300' title='bbox 450 3898 573 3968; x_wconf 89' lang='lat' dir='ltr'>produnt</span> <span class='ocrx_word' id='word_1_301' title='bbox 596 3914 688 3967; x_wconf 87' lang='lat' dir='ltr'>suam,</span> <span class='ocrx_word' id='word_1_302' title='bbox 717 3899 924 3953; x_wconf 84' lang='lat' dir='ltr'>communicata</span> <span class='ocrx_word' id='word_1_303' title='bbox 947 3916 1009 3952; x_wconf 83' lang='lat' dir='ltr'>cuin</span> <span class='ocrx_word' id='word_1_304' title='bbox 1033 3917 1141 3969; x_wconf 76' lang='lat' dir='ltr'>graeca</span> <span class='ocrx_word' id='word_1_305' title='bbox 1166 3901 1304 3971; x_wconf 59' lang='lat' dir='ltr'>hunum</span> 
     </span>
     <span class='ocr_line' id='line_1_36' title="bbox 159 3987 1305 4056; baseline 0.003 -16"><span class='ocrx_word' id='word_1_306' title='bbox 159 3987 257 4056; x_wconf 81' lang='lat' dir='ltr'>lingua</span> <span class='ocrx_word' id='word_1_307' title='bbox 281 3987 446 4042; x_wconf 83' lang='lat' dir='ltr'>vernaculae</span> <span class='ocrx_word' id='word_1_308' title='bbox 466 3987 578 4056; x_wconf 84' lang='lat' dir='ltr'>linguae</span> <span class='ocrx_word' id='word_1_309' title='bbox 598 3988 719 4055; x_wconf 87' lang='lat' dir='ltr'>ratione,</span> <span class='ocrx_word' id='word_1_310' title='bbox 748 4005 819 4055; x_wconf 90' lang='lat' dir='ltr'>quae</span> <span class='ocrx_word' id='word_1_311' title='bbox 838 3988 874 4042; x_wconf 88' lang='lat' dir='ltr'>ab</span> <span class='ocrx_word' id='word_1_312' title='bbox 893 3987 950 4041; x_wconf 91' lang='lat' dir='ltr'>illis</span> <span class='ocrx_word' id='word_1_313' title='bbox 969 3992 1013 4042; x_wconf 81' lang='lat' dir='ltr'>eat</span> <span class='ocrx_word' id='word_1_314' title='bbox 1031 3987 1218 4047; x_wconf 74' lang='lat' dir='ltr'>alienissima</span> <span class='ocrx_word' id='word_1_315' title='bbox 1256 3988 1305 4055; x_wconf 78' lang='lat' dir='ltr'>Qui</span> 
     </span>
     <span class='ocr_line' id='line_1_37' title="bbox 159 4076 1304 4144; baseline 0.003 -15"><span class='ocrx_word' id='word_1_316' title='bbox 159 4093 214 4142; x_wconf 87' lang='lat' dir='ltr'>quo</span> <span class='ocrx_word' id='word_1_317' title='bbox 233 4076 348 4130; x_wconf 86' lang='lat' dir='ltr'>tandem</span> <span class='ocrx_word' id='word_1_318' title='bbox 367 4077 487 4130; x_wconf 86' lang='lat' dir='ltr'>artifieio</span> <span class='ocrx_word' id='word_1_319' title='bbox 506 4078 635 4130; x_wconf 84' lang='lat' dir='ltr'>ellectum</span> <span class='ocrx_word' id='word_1_320' title='bbox 655 4093 715 4131; x_wconf 87' lang='lat' dir='ltr'>esse</span> <span class='ocrx_word' id='word_1_321' title='bbox 734 4077 844 4144; x_wconf 85' lang='lat' dir='ltr'>dicant,</span> <span class='ocrx_word' id='word_1_322' title='bbox 868 4080 900 4131; x_wconf 89' lang='lat' dir='ltr'>ut</span> <span class='ocrx_word' id='word_1_323' title='bbox 922 4076 981 4131; x_wconf 88' lang='lat' dir='ltr'>ullo</span> <span class='ocrx_word' id='word_1_324' title='bbox 1004 4077 1035 4130; x_wconf 87' lang='lat' dir='ltr'>in</span> <span class='ocrx_word' id='word_1_325' title='bbox 1054 4078 1119 4134; x_wconf 86' lang='lat' dir='ltr'>loco</span> <span class='ocrx_word' id='word_1_326' title='bbox 1138 4080 1241 4135; x_wconf 82' lang='lat' dir='ltr'>talium</span> <span class='ocrx_word' id='word_1_327' title='bbox 1259 4096 1304 4134; x_wconf 81' lang='lat' dir='ltr'>no</span> 
     </span>
     <span class='ocr_line' id='line_1_38' title="bbox 159 4164 1307 4234; baseline 0.005 -17"><span class='ocrx_word' id='word_1_328' title='bbox 159 4164 266 4218; x_wconf 87' lang='lat' dir='ltr'>tionum</span> <span class='ocrx_word' id='word_1_329' title='bbox 290 4166 397 4220; x_wconf 84' lang='lat' dir='ltr'>radices</span> <span class='ocrx_word' id='word_1_330' title='bbox 421 4169 599 4232; x_wconf 87' lang='lat' dir='ltr'>acuerentur,</span> <span class='ocrx_word' id='word_1_331' title='bbox 623 4165 720 4232; x_wconf 86' lang='lat' dir='ltr'>quales</span> <span class='ocrx_word' id='word_1_332' title='bbox 743 4170 808 4220; x_wconf 90' lang='lat' dir='ltr'>sunt</span> <span class='ocrx_word' id='word_1_333' title='bbox 827 4167 1136 4234; x_wconf 55' lang='lat' dir='ltr'>perrumperetur</span> <span class='ocrx_word' id='word_1_334' title='bbox 1158 4186 1223 4225; x_wconf 87' lang='lat' dir='ltr'>cum</span> <span class='ocrx_word' id='word_1_335' title='bbox 1246 4168 1307 4224; x_wconf 76' lang='lat' dir='ltr'>aliis</span> 
     </span>
     <span class='ocr_line' id='line_1_39' title="bbox 159 4254 302 4309; baseline -0.021 0"><span class='ocrx_word' id='word_1_336' title='bbox 159 4254 302 4309; x_wconf 78' lang='lat' dir='ltr'>centenis?</span> 
     </span>
    </p>
   </div>
   <div class='ocr_carea' id='block_1_4' title="bbox 0 0 1474 5040">
    <p class='ocr_par' dir='ltr' id='par_1_4' title="bbox 0 0 1474 5040">
     <span class='ocr_line' id='line_1_40' title="bbox 0 0 1474 5040; baseline 0 0"><span class='ocrx_word' id='word_1_337' title='bbox 0 0 1474 5040; x_wconf 95' lang='lat' dir='ltr'> </span> 
     </span>
    </p>
   </div>
  </div>
 </body>
</html>
