2962 5032
494 296 759 363 dnsuusrroms
783 315 990 365 servemus.
1252 300 1318 363 415

262 457 377 543 Neque
400 458 494 524 illaec
517 458 577 524 ulli
600 457 681 543 pede
696 458 819 543 pedem
842 457 967 523 homini
989 461 1129 544 premat:

264 564 370 641 Quom
394 568 518 650 surget,
540 585 644 650 neque
667 563 702 628 in
724 564 844 629 lectum
867 555 1036 630 inscendat
1059 564 1318 651 proxumum—‘t

165 705 225 770 Ad
252 706 314 772 hos
342 707 430 772 enim
457 728 570 771 omnes
599 706 714 771 similis
742 706 932 793 depravatio
960 707 1118 792 pertinuit
1141 729 1158 770 e
1181 710 1232 771 sat
1254 706 1318 770 levi

165 836 290 879 caussa
312 813 461 896 oriunda,
484 835 549 898 qua
571 813 618 878 sic
641 835 706 879 non
729 813 932 880 incommode
956 814 1192 879 liberabuntur:

263 955 376 1042 Neque
400 954 499 1021 illaec
522 955 580 1021 ulli
603 955 683 1040 pede
707 929 823 1040 pedem
845 977 977 1039 usquam
999 954 1126 1021 homini
1147 961 1282 1040 premat,
1318 975 1443 1020 onxxnr

265 1062 371 1140 Quom
394 1066 517 1148 surgat,
539 1083 642 1147 neque
660 1062 719 1127 illo
737 1063 770 1127 in
788 1064 906 1128 lectum
926 1062 1093 1128 inscendat
1111 1063 1316 1146 prdxumum:

264 1168 377 1256 Neque
401 1169 498 1255 quom
521 1168 695 1233 descendat
718 1166 803 1253 inde,
826 1169 880 1234 det
903 1169 1077 1254 quoiquam
1101 1191 1245 1234 manum:
1356 1180 1357 1183 ’

266 1276 481 1362 Spectdndum
504 1297 545 1339 ne
568 1275 738 1360 quoiquam
761 1275 892 1340 anulum
916 1275 970 1339 det
991 1277 1094 1360 neque
1117 1280 1224 1361 roget:

265 1385 363 1450 'Palds
385 1405 426 1447 ne
449 1383 623 1467 quoiquam
646 1381 809 1447 admoueat
829 1381 949 1447 homiui
970 1381 1034 1446 uisi
1057 1382 1126 1448 tibi.

166 1528 355 1613 Aliquanto
384 1525 518 1612 propius
549 1525 589 1590 ad
619 1525 647 1589 ci
676 1525 762 1590 vocis
793 1524 1042 1589 similitudinem
1073 1523 1177 1589 videri
1208 1527 1318 1608 potest

167 1634 376 1720 bisyllabum
403 1634 488 1698 huic
516 1633 677 1698 accedere:
711 1632 767 1697 sed
790 1636 901 1698 tamen
923 1633 1033 1716 fidem,
1066 1632 1094 1697 si
1117 1631 1194 1716 quid
1216 1631 1318 1715 video,

166 1762 218 1806 ne
247 1740 309 1806 hoc
338 1739 465 1824 quidem
493 1738 601 1804 habet.
647 1738 734 1805 Nam
763 1738 1033 1822 quemadmodum
1062 1739 1158 1804 heroos
1187 1738 1256 1803 hooc
1284 1742 1318 1802 et

170 1847 365 1913 consimiles
392 1845 516 1912 formae
543 1845 622 1910 alibi
650 1867 670 1909 a
692 1844 837 1910 librariis
861 1846 1066 1911 oblitteratae
1090 1849 1166 1911 sunt
1188 1849 1317 1910 etcum

167 1953 308 2018 usitatis
336 1952 417 2017 hunc
437 1951 492 2017 hoc
513 1955 730 2037 permutatae,
763 1951 809 2016 ita
833 1951 914 2017 mihi
938 1952 1065 2038 quidem
1089 1975 1222 2038 prorsus
1245 1974 1317 2037 per-

167 2081 309 2126 suasum
331 2062 382 2123 est
399 2058 485 2122 hasac
508 2079 636 2143 quoque
658 2080 724 2122 non
747 2058 858 2142 paucis
877 2058 959 2124 locis
978 2083 1039 2144 pro
1057 2060 1129 2126 haic
1146 2061 1317 2125 restituen-

169 2165 253 2230 dum
280 2186 351 2229 esse
381 2163 432 2252 (ut
461 2187 492 2249 p.
515 2181 609 2230 cmxx
643 2161 760 2250 [412]).
806 2164 878 2240 Qua
904 2164 1009 2230 forma
1037 2166 1181 2252 reposita
1209 2169 1318 2231 actum

167 2276 226 2338 est
252 2272 292 2337 de
318 2271 370 2336 his
399 2271 555 2354 exemplis
584 2292 603 2334 a
631 2269 837 2335 Fleckeiseno
866 2270 973 2336 allatis
1002 2271 1119 2357 Amph.
1142 2271 1190 2355 ΙΙ,
1213 2273 1243 2356 2,
1268 2250 1332 2336 70.'

169 2379 266 2445 Asin.
290 2377 370 2462 prol.
396 2378 445 2442 10.
482 2375 598 2442 Bacch.
621 2374 680 2460 111,
704 2376 734 2460 3,
758 2377 810 2441 80.
845 2375 902 2460 IV,
926 2376 956 2461 5,
979 2378 1015 2440 4:

263 2503 376 2585 Etiam
399 2523 436 2584 tn
459 2540 587 2604 quoque
610 2517 790 2583 assentarie
813 2515 931 2582 huice?
968 2516 1053 2594 Quid
1076 2518 1126 2583 uis
1150 2517 1244 2584 fieri?

265 2626 393 2692 Dicam:
417 2623 513 2691 huice
536 2647 654 2690 nomen
678 2627 792 2710 grae'ce
816 2623 964 2710 Onagost
985 2625 1124 2691 fabulae.

263 2733 351 2798 Mihi
374 2733 559 2818 discipulus,
582 2731 649 2797 tibi
672 2732 801 2815 sodalis,
824 2729 918 2795 huice
941 2733 1037 2817 periit
1059 2731 1162 2799 filius.

265 2840 352 2906 Nam
373 2840 441 2905 ndn
464 2839 614 2905 conducit
636 2836 730 2904 huioe
753 2837 992 2923 sucophantiae.

173 2982 359 3066 ill-reliquis
383 2986 492 3047 autem
516 2982 633 3046 misere
657 2980 698 3045 ab
717 2981 797 3064 ipsis
816 2980 959 3045 numeris
978 2981 1106 3048 laborat
1119 2983 1318 3050 Menaechm.

173 3090 256 3176 prol.
279 3088 338 3154 40:

264 3232 421 3297 Immritat
442 3251 560 3295 nomen
585 3229 664 3294 duos
687 3203 763 3293 huic
786 3229 917 3329 gemino
940 3231 1047 3297 dlteri:

174 3398 252 3441 nam
274 3377 402 3461 praeter
424 3372 614 3437 delitescens
641 3371 763 3455 pertiae
786 3371 893 3456 ipsum
916 3373 1000 3452 hoec,
1034 3375 1160 3440 etiamsi
1184 3376 1318 3461 bisylla·

175 3483 255 3548 bum
278 3502 348 3547 esse
373 3478 576 3562 concedatur,
600 3482 768 3544 accentum
791 3479 826 3543 in
848 3479 964 3545 ultima
986 3480 1105 3547 hahere
1127 3504 1191 3547 non
1213 3482 1318 3567 magis

174 3591 293 3674 potest,
316 3610 413 3672 quam
437 3609 593 3672 umquam
617 3586 864 3671 pronuntiatum
888 3590 938 3650 est
955 3583 988 3650 ei
1010 3584 1109 3671 (quod
1129 3589 1317 3654 sustulimus

175 3693 264 3759 Trin.
288 3712 356 3778 arg.
380 3691 471 3780 6*)).
516 3693 622 3770 Quare
646 3692 842 3757 confidenter
865 3693 1141 3777 transponendum

265 3836 422 3901 Immdtat
444 3837 573 3920 gemino
597 3837 714 3900 ndmen
738 3857 818 3901 auos
841 3834 917 3899 huic
940 3835 1044 3902 dlteri.

175 3977 225 4044 De
249 3977 343 4063 Capt.
365 3977 395 4060 1,
419 3979 453 4061 2,
475 3978 518 4042 49
548 3976 697 4044 Bentleio
726 3976 966 4043 assentiendum
989 3977 1124 4043 videtur.
1159 3979 1319 4045 Rudentis

174 4085 257 4170 prol.
272 4084 314 4149 39
337 4106 402 4150 non
426 4089 496 4149 erat
519 4085 610 4150 valde
633 4086 813 4171 probabilis
836 4084 917 4150 haec
936 4084 1119 4151 emendatio
1144 4087 1319 4153 reicienda:

284 4331 310 4402 *)
335 4332 380 4403 [Iu
403 4331 446 4386 ed.
471 4331 522 4386 alt.
547 4332 673 4401 reposuit
694 4331 863 4387 Ritschelius
886 4333 949 4388 coll.
975 4333 1103 4402 ‘praeter
1126 4333 1184 4388 alia
1207 4335 1319 4406 Epidici

174 4438 283 4492 argum.
302 4438 329 4476 v.
348 4421 400 4492 3.’]
