2962 5032
482 113 744 162 aucupanours
768 114 975 162 rnsvrrusa.
1243 97 1306 162 361

161 257 274 336 cessit,
309 256 365 322 sed
395 257 542 322 substitit
568 257 602 321 in
630 256 748 341 bcnu’s,
779 256 914 322 sims‘li's:
946 256 1034 322 ultra
1065 280 1238 344 progressa
1260 262 1311 323 est

161 365 287 448 tertiae,
310 363 366 430 ssd
389 365 472 430 raris
496 365 652 450 exemplis
675 386 735 429 nec
758 386 884 449 semper
906 365 1109 430 dubitatione
1128 365 1249 453 vacuis,
1270 370 1307 431 ut
1321 380 1374 422 0111

161 477 223 538 rest
250 471 392 538 admisso
420 494 480 556 pro
507 493 556 538 res
582 477 634 538 est.
684 471 754 548 Quo
783 475 895 537 tamen
923 472 1108 558 religiosius
1135 473 1216 537 talia
1244 493 1308 537 ser-

162 579 267 646 vanda
295 579 426 644 fuerunt
452 579 546 663 quale
578 582 629 643 est
656 579 690 644 in
718 578 750 643 A
778 582 904 644 exstare
933 579 1039 644 visum
1063 603 1092 644 v.
1115 579 1178 645 537
1211 586 1248 645 ut
1268 582 1311 645 ud

162 688 288 753 tacitast
308 685 498 771 sardou:
522 707 599 750 nam
622 686 683 750 etsi
706 686 859 750 usitatius
883 709 959 751 sane
982 687 1166 771 praedicato
1189 687 1223 752 in
1246 688 1309 752 fine

162 794 323 860 enuntiati
350 793 458 878 posito
485 797 530 856 cst
557 792 721 877 adhaeret,
754 797 865 858 tamen
891 816 958 859 non
988 817 1062 860 raro
1093 795 1191 859 etiam
1222 793 1311 859 aliud

164 902 297 987 placuit
343 901 444 966 Velut
466 899 675 965 Ambrosiani
703 901 896 965 auctoritate
920 924 948 966 v.
973 900 1038 966 563
1062 901 1209 965 firmatur
1235 903 1312 982 quid

161 1008 211 1074 br'c
232 1014 279 1075 est
306 1008 423 1074 uaso
451 1012 546 1073 buon
569 1029 628 1091 pro
655 1009 732 1089 quid
756 1007 807 1072 lu'c
833 1008 962 1074 bcutud
990 1013 1086 1073 dcam
1108 1006 1160 1093 (ut
1183 1012 1313 1091 temptat

162 1117 300 1182 admadi
321 1137 381 1199 pro
406 1119 522 1198 temptas
543 1115 709 1180 maudut
729 1137 757 1179 v.
780 1114 875 1199 432);
904 1117 933 1180 si
959 1120 1003 1181 est
1030 1116 1189 1180 caelestum
1212 1116 1310 1180 libro-

163 1220 293 1309 rum**)
316 1222 455 1306 vestigia
477 1224 610 1287 tuantur
633 1244 662 1286 v.
686 1221 764 1306 9463
792 1223 877 1287 sotira
900 1221 959 1287 tu's
980 1243 1077 1288 santus
1100 1222 1141 1287 ad
1164 1222 1310 1288 codicum

164 1330 261 1396 fidem
287 1329 335 1410 fat
360 1329 451 1410 intus
470 1329 564 1410 sanus
592 1351 621 1394 v.
644 1328 711 1394 454
733 1329 866 1413 propius
890 1330 1036 1414 profecto
1058 1329 1183 1396 accedit
1205 1353 1312 1417 quam,

165 1436 251 1522 quod
274 1458 344 1502 essa
368 1436 526 1501 usitatum
550 1436 629 1521 scio,
656 1437 741 1502 satin
765 1441 798 1500 tu
820 1437 926 1501 sauu's
950 1437 1010 1517 [sic
1033 1435 1138 1502 Triu.²
1160 1460 1234 1504 cum
1256 1438 1312 1520 Al.

164 1544 217 1610 Ita
248 1567 278 1610 v.
301 1543 366 1609 365
397 1541 482 1607 nihil
514 1543 664 1626 interest,
695 1543 795 1607 multo
821 1544 850 1608 ei
878 1563 971 1626 opera
997 1550 1086 1627 opust
1117 1545 1241 1610 scribas
1270 1567 1312 1610 an

165 1652 265 1717 multo
287 1652 316 1714 ei
338 1654 460 1732 operest
481 1669 571 1732 opus,
594 1672 792 1735 quamquam
815 1649 877 1716 hoc
900 1672 970 1715 esse
993 1651 1106 1716 durius
1130 1653 1231 1737 sensi3
1254 1674 1312 1717 nec

166 1782 194 1825 v.
218 1759 283 1824 329
307 1779 372 1823 non
395 1756 504 1841 potuit
526 1761 738 1822 munecatone
761 1763 891 1823 naeurnst
913 1763 1002 1823 tuum
1023 1758 1105 1842 dici,
1128 1760 1190 1825 etsi
1214 1783 1233 1825 a
1255 1781 1313 1824 nu·

166 1865 329 1931 me'rorum
344 1864 379 1929 in
398 1864 506 1949 priore
520 1886 631 1929 versus
650 1868 743 1948 parte
763 1866 925 1950 elegantia
942 1870 1089 1951 praestat
1107 1888 1195 1932 ornrw
1212 1889 1314 1932 meum

165 1978 269 2038 subm
292 1976 415 2038 tuomst.
439 2007 482 2020 -
506 1969 721 2038 Coniunctum
751 1976 802 2036 est
829 1977 938 2037 autem
967 1973 1027 2040 boc
1055 1995 1157 2059 genus
1184 1974 1313 2038 univer-

166 2103 239 2146 sum
267 2101 340 2145 cum
368 2079 568 2163 syntacticae
595 2078 732 2144 rationis
761 2080 1002 2164 observatione,
1034 2103 1116 2165 quae
1143 2080 1176 2145 in
1207 2102 1313 2146 emen·

166 2187 298 2253 datione
320 2186 432 2253 Plauti
461 2186 593 2252 maximi
620 2191 671 2252 est
698 2189 862 2253 momenti.
906 2187 991 2253 Nam
1020 2211 1083 2274 quo
1112 2190 1140 2253 is
1169 2210 1315 2254 sermons

166 2296 273 2360 utitur
297 2294 338 2360 ad
360 2294 446 2360 vitae
470 2317 565 2359 usum
588 2315 792 2360 communem
812 2294 1002 2378 composito,
1025 2295 1065 2359 ab
1090 2318 1128 2362 eo
1152 2299 1262 2362 otest
1284 2300 1316 2362 et

166 2422 202 2468 es
227 2401 318 2467 verbi
346 2401 569 2486 omissionem,
599 2424 672 2467 oum
701 2424 721 2466 a
747 2401 854 2485 poetis
882 2405 952 2466 tum
976 2424 996 2466 a
1019 2402 1230 2487 scriptoribus
1253 2403 1315 2468 fre-

169 2513 369 2595 quentatam,
393 2508 559 2575 sciendum
583 2513 634 2574 est
656 2508 789 2574 omnino
813 2530 884 2574 esse
903 2509 1041 2573 alienam
1060 2531 1119 2575 nec
1137 2510 1201 2575 nisi
1218 2511 1315 2575 raris·

167 2616 260 2681 simis
288 2614 533 2682 condicionibus
561 2614 817 2703 probatanu***)
864 2615 908 2680 Et
932 2616 1066 2681 alterius
1089 2616 1219 2702 quidem
1242 2639 1314 2702 per·

166 2745 267 2789 sonae
287 2717 434 2808 exenrpla
451 2724 620 2808 negotium
637 2745 797 2807 nusquam
815 2723 991 2807 facessunt,
1014 2728 1051 2789 ut
1069 2724 1188 2809 quibus
1207 2723 1315 2809 exigui

167 2831 280 2897 circuli
308 2831 488 2896 adiectione
515 2851 546 2896 es
573 2829 692 2914 ubique
718 2831 808 2895 nulla
837 2853 936 2916 opera
959 2831 1156 2896 restituatur.
1201 2830 1316 2915 Neque

168 2938 255 3004 enim
284 2937 447 3022 audiendi,
475 2938 504 3003 si
532 2937 588 3022 qui
616 2959 688 3003 cum
712 2936 847 3023 Bothio,
875 2940 925 3004 cui
949 2937 1097 3004 Donatus
1121 2939 1259 3022 praeivit
1281 2939 1315 3002 in

167 3044 269 3110 Andr.
288 3043 346 3130 III,
369 3047 399 3129 2,
425 3046 474 3130 16,
497 3045 588 3111 velut
609 3045 689 3110 baec
714 3045 887 3111 defendant
910 3047 945 3111 in
968 3047 1030 3112 hac
1052 3047 1176 3111 fabula:
1206 3047 1317 3112 babeas
1377 3118 1380 3123 0

167 3157 205 3216 ut
224 3156 335 3217 nactus
356 3174 415 3236 pro
438 3152 558 3218 nactr's
579 3175 608 3216 v.
632 3152 684 3236 63,
708 3158 769 3218 tute
791 3153 999 3236 obiurpandus
1022 3154 1074 3236 96,
1096 3155 1248 3235 numquid
1269 3173 1317 3216 nae

168 3262 335 3342 ropatums
365 3258 440 3338 198,
467 3260 496 3324 si
519 3309 526 3323 .
550 3310 557 3324 .
582 3312 588 3324 .
613 3263 647 3323 tu
673 3259 745 3324 binc
771 3260 913 3326 abtum
937 3261 1015 3343 714,
1043 3261 1108 3324 ium
1135 3280 1315 3328 recommen-

169 3370 254 3431 tatus
276 3365 355 3444 912,
382 3366 464 3448 quod
490 3370 518 3430 te
543 3367 689 3448 acceptae
715 3366 820 3447 faceres
842 3366 917 3450 969,
940 3372 1013 3449 post
1034 3372 1068 3431 tu
1088 3366 1191 3447 sactus
1214 3367 1314 3434 Obor-

170 3474 267 3538 mrdes
294 3470 373 3557 975,
405 3478 442 3537 ut
469 3472 680 3538 cbdmzdutus
707 3473 781 3557 977,
813 3495 896 3538 urano
922 3477 950 3539 is
977 3474 1079 3555 factus
1106 3473 1180 3559 980,
1211 3475 1316 3556 fossus
1330 3508 1369 3549 cx

172 3580 373 3647 Charmidem
391 3580 505 3645 dedisse
523 3580 598 3663 982,
620 3581 696 3662 quia
712 3601 874 3663 perpessu
897 3582 989 3646 1165.
1027 3579 1089 3646 Sed
1108 3604 1148 3646 ne
1167 3582 1200 3645 in
1218 3582 1317 3647 tertia

171 3688 300 3773 quidem
318 3709 459 3772 persona
481 3689 612 3754 maioris
635 3690 685 3754 vel
709 3688 830 3754 laboris
853 3688 904 3752 vel
928 3688 1080 3753 audaciae
1104 3692 1173 3753 erat
1195 3689 1316 3754 totiens

261 3888 286 3952 *)
306 3883 355 3952 [ad
376 3883 478 3938 incitas
499 3883 637 3938 redactust
660 3883 734 3938 Tria
745 3883 764 3951 ²,
787 3885 820 3937 ut
841 3881 959 3938 Poenuli
978 3881 1024 3948 IV,
1043 3888 1069 3952 2,
1088 3887 1135 3950 863
1160 3881 1195 3937 cf.
1215 3881 1317 3951 Opusc.

171 3973 240 4044 phil.
260 3973 298 4027 lll
318 3991 344 4043 p.
364 3973 422 4040 69]

243 4063 290 4130 **)
315 4063 351 4131 [si
373 4077 399 4116 es
421 4061 546 4114 molestus
569 4059 705 4127 praebent
728 4059 805 4114 libri:
831 4060 920 4131 ‘quod
943 4061 1038 4131 potest
1055 4060 1092 4116 ad
1111 4061 1136 4115 si
1154 4061 1318 4137 molestasset

175 4149 323 4221 spectare!
343 4147 447 4216 Trinl]

225 4239 290 4307 ***)
309 4237 362 4307 [cf.
383 4237 481 4308 Opusc.
502 4237 569 4307 phil.
591 4238 615 4290 ll
634 4255 661 4306 p.
681 4245 732 4294 608
741 4256 809 4307 sqq,
828 4238 918 4308 alibi]
