2962 5032
553 118 787 166 aarnnuscan
811 119 939 167 nanas.
1252 103 1315 168 667

167 261 268 326 ticiae
298 261 459 326 libertatis
490 261 691 326 academicae
721 261 770 327 vis
801 266 834 326 et
864 261 987 345 species
1018 261 1316 345 comprehenditur:

164 367 313 452 primum
335 366 565 451 iurisdictione,
588 366 702 432 deinde
720 368 854 434 docendi
877 371 911 432 et
933 368 1086 433 libertate
1109 371 1143 433 et
1166 367 1240 432 aliis
1260 369 1316 433 tri·

165 475 318 540 buendae
348 474 508 539 libertatis
536 475 706 558 facultate,
738 475 874 559 denique
902 497 953 539 res
982 497 1057 540 suas
1088 496 1160 539 oum
1191 477 1315 540 ceteras

167 586 244 646 tum
276 581 478 667 pecuniarias
509 580 757 646 administrandi
787 581 865 646 iure.
911 580 1036 647 Harum
1068 582 1211 667 partium
1232 603 1316 647 ’cum

163 687 299 774 insigne
322 691 450 772 praeter
472 687 614 772 reliquas
637 688 763 770 pondus
787 710 825 752 ea
847 688 982 773 habeat,
1013 711 1095 773 quae
1119 688 1160 753 ad
1183 688 1317 754 docendi

166 795 243 860 iura
272 797 412 878 spectat,
436 797 508 859 tum
530 793 614 858 nihil
640 795 736 859 nobis
759 794 946 878 contingere
971 794 1154 879 exoptatius
1177 794 1317 859 beatius·

168 922 233 988 que
256 900 378 985 potuit,
406 921 504 984 quam
532 900 618 984 quod
646 900 730 965 hanc
753 901 1020 965 universitatibus
1044 900 1243 985 libertatem,
1267 901 1318 966 cui

167 1031 267 1075 nemo
291 1008 423 1093 ignorat
446 1010 569 1091 quanta
591 1027 688 1091 saepe
711 1007 853 1092 pericula
877 1007 1100 1072 imminuerint
1123 1011 1156 1072 et
1178 1008 1317 1073 fortasse

169 1116 356 1181 etiamnunc
374 1113 576 1196 immineant,
595 1111 709 1196 adhuc,
727 1113 755 1178 si
767 1113 908 1179 iudicare
931 1114 1146 1199 generatim
1160 1114 1318 1200 volumus,

170 1225 398 1288 conservatam
421 1224 478 1286 aut
495 1222 581 1286 certe
600 1241 664 1283 non
684 1240 879 1304 magnopere
898 1219 1098 1284 deminutam
1116 1220 1212 1285 nobis
1231 1243 1317 1286 com·

169 1328 326 1413 munique
349 1327 473 1413 patriae
499 1326 657 1412 gratulari
684 1327 771 1391 licet.
815 1325 901 1392 Nam
931 1327 994 1391 etsi
1021 1328 1225 1393 conamina
1252 1352 1318 1394 non

170 1435 343 1500 defuerunt
360 1433 481 1519 partim
501 1437 616 1519 aperta
634 1437 666 1498 et
684 1433 866 1516 manifesta,
891 1433 1010 1518 partim
1031 1433 1162 1517 obliqua
1180 1439 1213 1499 et
1231 1434 1317 1500 clan-

172 1541 315 1627 destina,
346 1541 464 1627 quibus
496 1562 660 1606 summum
692 1540 815 1605 bonum
844 1541 986 1606 humano
1019 1539 1130 1624 generi
1163 1540 1317 1607 divinitus

172 1647 387 1732 impertitum,
425 1647 510 1731 quod
543 1646 727 1712 continetur
758 1648 911 1713 scientiae
944 1646 1083 1731 lumine,
1115 1668 1133 1712 e
1165 1647 1233 1713 solo
1266 1648 1318 1713 cui

171 1757 267 1840 paret
281 1753 426 1819 veritatis
440 1753 577 1839 imperio
593 1758 777 1838 exemptum
797 1755 837 1820 ad
855 1755 1010 1820 fortuitas
1028 1753 1182 1837 rationes,
1199 1753 1319 1819 caduca

171 1860 309 1928 consilia
324 1864 357 1925 et
371 1860 540 1946 ambiguas
556 1860 724 1945 opiniones
739 1862 791 1926 vel
806 1861 947 1927 civitatis
962 1861 1013 1927 vel
1027 1861 1179 1926 ecclesiae
1194 1883 1317 1926 accom-

171 1968 373 2034 modaretur:
394 2003 434 2013 -
455 1968 516 2032 etsi
543 1967 663 2032 liberae
692 1971 725 2032 et
753 1968 884 2053 linguae
912 1973 945 2033 et
968 1968 1085 2032 mentis
1112 1989 1189 2032 non
1219 1967 1317 2032 nulli

171 2076 314 2142 vindices
338 2074 436 2139 etiam
460 2074 706 2159 succubuerunt,
728 2096 787 2158 pro
806 2073 968 2140 libertatis
986 2073 1075 2139 illius
1093 2073 1318 2139 incolumitate

172 2204 208 2248 se
233 2203 373 2266 suasque
398 2181 547 2246 fortunas
570 2180 774 2266 devoventes,
797 2181 854 2246 alii
877 2186 985 2246 autem
1008 2181 1043 2246 in
1066 2182 1170 2246 lucem
1193 2187 1227 2246 et
1249 2202 1317 2244 are·

172 2311 251 2354 nam
274 2288 408 2354 omnino
432 2287 611 2372 prodeundi
635 2288 704 2353 vias
728 2288 789 2353 sibi
816 2287 1009 2354 interclusas
1031 2292 1256 2372 reppererrmt:
1277 2323 1315 2335 -

171 2401 282 2461 tamen
309 2393 448 2460 feliciter
474 2393 663 2479 plerumque
691 2394 756 2459 illis
783 2395 922 2478 repulsis
950 2395 1174 2460 conaminibus
1198 2391 1246 2480 (et
1268 2416 1318 2459 ro-

175 2502 307 2586 pulsum
325 2501 366 2565 iri
386 2500 484 2565 etiam
504 2521 542 2564 ea
561 2499 760 2585 confidimus,
780 2500 897 2585 quibus
916 2500 967 2565 his
985 2501 1066 2585 ipsis
1085 2500 1198 2566 diebus
1221 2501 1318 2566 colle

172 2628 288 2694 garum
316 2610 499 2673 nostrorum
527 2605 764 2671 Kiloniensium
793 2606 947 2672 honestas
975 2611 1009 2672 et
1032 2607 1215 2673 constantia
1243 2629 1318 2674 con·

176 2710 332 2800 dictatur)
350 2735 388 2778 eo
412 2713 479 2780 fere
502 2714 535 2777 in
559 2713 640 2796 loco,
663 2714 690 2778 si
713 2714 754 2779 ab
779 2713 1022 2780 Austriacarum
1045 2717 1206 2780 terrarum
1229 2719 1316 2781 tene-

172 2823 241 2888 bris
259 2821 439 2899 recesseris,
460 2820 643 2885 litterarum
658 2821 872 2886 docendarum
887 2821 922 2886 in
940 2821 1103 2887 communi
1121 2821 1228 2906 patria
1242 2844 1318 2887 oon·

172 2931 333 2997 dicionem
362 2928 556 2995 collocatam
585 2926 744 3014 videmus,
776 2932 813 2995 ut
844 2929 956 2994 solacii
983 2933 1016 2994 et
1042 2929 1188 2996 laetitiae
1220 2951 1318 3013 quam

173 3037 331 3103 maeroris
350 3040 383 3101 et
401 3034 644 3100 lamentationis
663 3034 760 3120 longe
779 3039 812 3100 et
835 3035 945 3119 plures
964 3039 997 3100 et
1015 3036 1165 3103 iustiores
1186 3059 1318 3102 caussas

172 3145 323 3210 inventas
343 3165 415 3208 esse
438 3141 532 3206 nobis
556 3141 774 3207 confitendum
798 3142 851 3225 sit,
874 3141 993 3226 quippe
1013 3143 1129 3227 quibus
1153 3165 1213 3209 nec
1236 3166 1318 3229 quac

173 3251 356 3336 cogitamus
381 3250 488 3335 eloqui
511 3270 581 3313 esse
605 3250 742 3314 vetitum
762 3249 866 3314 soleat
888 3253 921 3313 et
943 3270 1019 3315 vero
1043 3271 1125 3333 quae
1148 3273 1224 3315 vera
1247 3274 1318 3317 esse

173 3355 421 3442 cognoverimus
450 3356 549 3420 ctiam
579 3378 643 3440 qua
672 3355 808 3420 velimus
836 3354 970 3419 docendi
1000 3355 1105 3421 forma
1133 3359 1167 3420 et
1193 3357 1318 3421 ratione

173 3462 373 3529 discentibus
405 3461 532 3527 tradere
565 3462 699 3528 iamiam
731 3461 870 3526 liberum
904 3482 973 3525 esse
1005 3460 1161 3526 videatur.
1213 3460 1318 3529 Multo

176 3571 277 3636 etiam
301 3569 409 3634 minus
428 3569 502 3634 aliis
521 3568 712 3634 tribuendae
731 3568 866 3634 docendi
885 3567 1047 3632 libertatis
1066 3568 1214 3651 facultas,
1237 3590 1319 3653 quae

174 3677 278 3742 altera
306 3675 429 3759 species
458 3678 508 3739 est
535 3674 629 3739 huius
658 3675 798 3760 generis,
826 3697 927 3759 eaque
954 3696 1020 3738 non
1051 3675 1212 3741 immerito
1235 3677 1318 3741 tanti

176 3804 304 3868 semper
334 3781 457 3862 habita,
486 3785 524 3844 ut
552 3781 658 3865 ipsum
686 3786 784 3866 caput
812 3780 1013 3846 academicae
1045 3781 1161 3846 salutis
1193 3781 1228 3846 in
1260 3781 1319 3846 illa

174 3890 354 3957 consistere
381 3887 557 3971 videretur,
585 3887 647 3953 dici
675 3893 785 3972 potest
811 3888 862 3952 vel
891 3909 1006 3972 reapse
1030 3888 1226 3954 labefactata
1250 3909 1319 3953 esse

173 3997 225 4064 vel
252 3995 496 4082 angustioribus
527 4017 623 4080 quam
648 4017 786 4080 aequum
809 3995 853 4060 sit
883 3995 1044 4061 limitibus
1067 3995 1319 4080 circumscripta.

173 4104 288 4170 Paullo
310 4102 473 4187 iniquiore
495 4102 682 4168 condicione
706 4123 765 4167 nos
788 4102 838 4167 uti
857 4105 985 4167 constat
1002 4102 1037 4166 in
1056 4124 1094 4167 ea
1112 4106 1214 4187 parte,
1237 4124 1319 4187 quae

173 4230 242 4277 non
264 4208 373 4277 minus
391 4209 478 4295 aptis
496 4209 632 4277 vinculis
651 4233 724 4277 cum
747 4209 1106 4276 administrationis
1130 4231 1227 4295 quam
1246 4231 1318 4276 oum
