2962 5032
497 253 764 303 auaunsrrours
787 255 993 302 curvamus.
1257 238 1323 303 325

176 418 232 480 pro
259 398 349 462 necis
376 396 559 482 irrepsisse,
586 397 662 463 hinc
690 402 799 462 autem
828 397 1061 462 consectarium
1085 397 1185 462 fuisse
1207 399 1237 463 si
1259 418 1322 464 non

175 503 406 588 particularum
433 502 468 568 in
495 504 559 569 uisi
587 502 878 589 conversionem.*)
924 503 986 568 Sed
1014 507 1123 568 tamen
1146 504 1242 569 huius
1266 527 1322 589 po·

173 610 338 674 tissimum
354 609 491 701 originis
511 632 584 675 cum
599 634 664 676 non
682 611 787 696 possit
804 611 979 676 necessitas
997 612 1194 696 persuaderi,
1217 612 1320 678 tutius

172 717 278 781 visum
307 720 356 782 est
383 716 436 781 hic
464 739 590 803 quoque
614 718 868 783 vetustissimum
896 722 1015 783 testem
1043 719 1146 804 sequi:
1175 741 1321 803 praeser-

171 825 326 889 timeum
349 823 429 888 illud
452 824 506 889 vix
530 847 567 890 ac
591 847 631 890 nc
654 826 708 890 vix
727 825 856 910 quidem
877 827 1060 909 concedam,
1083 826 1119 890 iu
1138 827 1320 912 corrigendi

170 953 288 996 caussa
317 931 414 996 etiam
444 951 550 1014 neapo
576 931 664 997 vocis
692 933 927 1016 eorreptionem
956 932 1069 998 fuisse:
1096 955 1172 997 narn
1200 938 1319 1000 metro-

169 1061 243 1103 rum
277 1039 407 1124 quidem
441 1043 654 1105 correctorem
687 1039 778 1103 nulla
810 1039 860 1103 vel
891 1040 924 1103 in
954 1039 1172 1104 Ambrosiana
1202 1041 1254 1105 vol
1286 1041 1319 1105 in

169 1146 332 1212 Palatinis
364 1146 503 1231 vestigia
532 1145 688 1229 produnt,
726 1145 756 1209 id
790 1146 873 1230 quod
906 1147 970 1211 iam
1004 1147 1080 1211 olim
1111 1148 1319 1231 pronuntiavi

168 1251 282 1319 Dium.
300 1244 429 1337 antiqu.
452 1252 637 1317 Darmstad.
656 1274 683 1316 a.
703 1269 990 1319 molocccxxxvrr
1011 1276 1040 1337 p.
1060 1252 1190 1340 755.**)
1227 1252 1317 1319 Cete-
1331 1278 1422 1318 nxvu

168 1382 242 1425 rum
265 1358 464 1424 diversarum
488 1357 709 1423 recensionuni
739 1362 852 1423 tenues
876 1360 1032 1445 quasdam
1055 1361 1223 1444 tamquam
1247 1361 1319 1424 reli-

169 1467 262 1552 quias
295 1488 359 1531 nou
392 1466 512 1532 infitior
543 1465 640 1531 bodie
672 1488 799 1551 quoque
833 1489 1015 1553 superesse,
1048 1465 1104 1532 sed
1136 1488 1246 1531 earum
1279 1489 1317 1532 ex

168 1571 409 1657 antiquioribus
436 1575 474 1636 ut
500 1575 580 1656 puto
611 1571 747 1637 saeculis
775 1573 1036 1658 repetendarum,
1064 1573 1184 1658 partim
1208 1576 1318 1638 autem

168 1702 228 1744 aua
261 1681 378 1763 sponte
408 1683 574 1762 natarum,
605 1679 726 1763 partim
758 1679 870 1744 critica
902 1702 1000 1765 opera
1031 1681 1317 1765 grammaticorum

167 1789 366 1871 paratarum.
404 1785 546 1864 Quarum
571 1808 668 1850 unam
693 1786 837 1872 aliquam
860 1808 991 1851 necesse
1014 1790 1065 1851 est
1087 1789 1121 1852 in
1144 1787 1316 1873 praecipuo

168 1894 293 1959 bonore
321 1916 380 1978 per
407 1894 606 1959 saeculorum
630 1893 799 1958 decursum
821 1894 967 1959 habitam
997 1917 1081 1979 esse,
1108 1895 1174 1960 sive
1203 1917 1274 1959 eam
1298 1918 1317 1960 a

171 2000 305 2066 Valerio
327 2001 434 2066 Probo
462 2000 530 2065 sive
560 2001 601 2064 ab
631 2001 695 2065 alio
723 2000 917 2085 profectam:
945 2024 1021 2066 nam
1046 2000 1084 2064 de
1108 2000 1254 2066 Varrone
1276 2025 1316 2067 ne

170 2109 244 2193 quis
264 2107 446 2192 suspicetur
463 2107 543 2171 satis
561 2108 632 2172 cavi
651 2107 817 2193 Parergon
835 2131 865 2192 p.
886 2109 936 2174 80.
957 2109 1020 2173 367
1041 2111 1074 2171 et
1092 2130 1192 2193 nuper
1211 2107 1316 2175 Musei

168 2216 281 2300 philol.
305 2215 410 2281 nostri
438 2217 460 2278 t.
483 2213 532 2278 VI
555 2238 585 2299 p.
609 2215 673 2280 509
699 2217 754 2296 [=
774 2215 890 2300 Opusc.
914 2215 990 2300 phil.
1014 2214 1065 2279 llI
1087 2237 1117 2299 p.
1136 2215 1200 2280 447
1220 2217 1316 2297 ann.].

167 2322 252 2387 Eum
292 2325 417 2404 autem,
454 2321 599 2406 quisquis
630 2322 707 2406 fuit,
744 2343 822 2387 sane
860 2324 964 2386 metra
1001 2344 1128 2407 quoque
1166 2321 1315 2408 attigisse

169 2432 259 2513 puto,
283 2431 316 2491 et
338 2427 544 2511 potissimum
568 2429 697 2513 quidem
721 2427 1066 2494 canticaPlautinaiu
1087 2428 1315 2494 caniformem

169 2533 345 2619 redegisse,
374 2533 413 2598 ad
442 2536 532 2600 cuius
561 2536 742 2619 exemplum
771 2535 878 2620 aliquo
906 2535 1093 2620 intervallo,
1121 2536 1176 2601 sed
1204 2539 1314 2601 tamen

169 2641 333 2708 communi
354 2663 447 2725 saepe
467 2642 654 2708 testimonio
669 2643 701 2706 A
721 2646 754 2706 et
770 2641 805 2706 B
824 2642 992 2707 accedunt:
1016 2665 1153 2727 quorum
1174 2643 1313 2708 cantico-

170 2772 240 2814 rum
258 2748 400 2813 rationes
418 2748 484 2812 iam
503 2748 650 2832 proximo
670 2752 746 2832 post
764 2753 878 2833 poetae
896 2753 1036 2815 aetatem
1053 2750 1182 2814 saeculo
1197 2772 1312 2834 parurn

169 2859 356 2941 perspectas
391 2879 461 2920 esse
494 2854 648 2920 Sisennae
680 2857 828 2940 exemplo
861 2857 955 2922 docui
984 2856 1149 2941 Parergou
1180 2880 1210 2941 p.
1239 2858 1313 2923 383.

166 2961 338 3027 Praeterea
361 2984 378 3026 e
401 2963 481 3026 satis
510 2963 644 3046 antiqua
667 2966 773 3027 aetate
797 2963 876 3029 illud
900 2964 1108 3048 repetendum
1132 2964 1225 3028 valde
1249 2987 1313 3030 me-

167 3068 335 3161 morabile,
358 3069 444 3153 quod
467 3067 661 3152 quibusdam
685 3069 720 3133 in
743 3069 865 3134 fabulis
889 3091 948 3154 pro
972 3071 1018 3134 eis
1042 3093 1123 3155 quae
1147 3093 1233 3137 nunc
1256 3072 1313 3137 ha-

167 3175 284 3240 bentur
311 3195 523 3258 personarum
550 3175 737 3240 nominibus
767 3176 800 3239 in
824 3176 856 3240 A
878 3197 1010 3259 prorsus
1036 3178 1163 3243 diversa
1185 3184 1313 3263 reperta

166 3285 256 3346 sunt:
279 3281 364 3366 quod
388 3281 483 3365 attigi
507 3279 625 3345 ibidem
649 3304 679 3365 p.
699 3283 773 3367 278,
796 3305 855 3347 suo
880 3284 950 3348 loco
975 3306 1148 3368 persequar
1171 3286 1310 3350 uberius.

167 3427 211 3434 -
229 3389 257 3454 Ε
277 3388 337 3453 tali
356 3390 465 3452 autem
485 3387 672 3453 recensendi
692 3389 799 3455 studio
819 3392 852 3452 et
870 3390 1004 3454 consilio
1028 3390 1183 3475 quidquid
1206 3395 1311 3457 trans·

165 3496 231 3561 isse
260 3496 295 3560 in
323 3494 576 3559 Ambrosianum
604 3496 792 3580 conieceris,
825 3499 911 3561 certe
942 3519 1007 3561 non
1041 3498 1162 3582 poteris
1191 3499 1311 3564 talibus

168 3604 208 3668 ad
223 3602 366 3688 aliquam
385 3605 549 3686 tamquam
569 3603 831 3686 praerogativam
845 3602 1068 3668 Palatinorum
1090 3605 1311 3670 demonstran·

164 3709 239 3775 dam
262 3710 323 3774 uti:
351 3731 428 3773 nam
451 3708 591 3793 quaein
614 3708 666 3772 his
690 3709 769 3793 ipsis
792 3709 929 3793 duplicis
953 3710 1148 3775 recensionis
1173 3711 1312 3797 vestigia

164 3838 258 3882 versu
284 3817 369 3881 1188
398 3817 510 3900 aperui
539 3816 680 3903 (ducoms
707 3823 894 3899 optumumst
921 3821 954 3881 et
976 3819 1085 3882 ducat:
1114 3819 1194 3903 licet,
1222 3840 1310 3883 accc·

164 3923 259 3988 deute
282 3945 492 4007 personarum
517 3924 721 4009 mutatione),
745 3924 792 3988 eis
814 3924 1042 3989 manifestiora
1064 3925 1197 4008 reperiri
1216 3945 1310 4010 nego.

164 4029 280 4116 Itaque
302 4030 365 4095 boc
389 4052 483 4096 omne
507 4052 578 4095 cum
603 4030 695 4095 valde
719 4031 908 4116 ambiguum
932 4031 988 4114 sit,
1011 4052 1078 4095 uon
1101 4031 1223 4114 poterit
1244 4053 1311 4096 non

254 4275 281 4346 '‘)
300 4275 353 4348 [Cf.
371 4275 446 4332 inl'ra
463 4295 490 4347 p.
509 4290 611 4332 cxxxl.
632 4277 732 4346 Opuac.
751 4276 821 4346 pbil.
841 4277 866 4331 11
884 4295 912 4347 p.
932 4277 1005 4349 242]

120 4388 136 4414 ι
232 4363 277 4437 ¹⁸⁶)
296 4365 345 4438 [ι-
368 4364 470 4436 Opusc.
489 4365 558 4436 phil.
577 4365 604 4419 lI
621 4383 649 4436 p.
671 4371 729 4434 193,
748 4366 797 4421 ubi
815 4364 878 4421 vids
898 4365 1129 4438 annotationem]
