2926 5040
521 360 786 414 sunnolmoms
811 364 1016 414 rrmvnmln.
1281 347 1346 414 419

152 510 238 589 est,
281 506 351 572 sed
377 508 553 573 secundum
576 509 691 592 pedem
714 511 898 576 tribrachus
922 511 1028 575 efficit.
1076 509 1214 577 Sublato
1238 518 1347 578 autem

146 624 309 696 pauper
334 615 401 681 illo
425 637 484 681 nec
500 622 603 699 poter,
626 619 715 683 cuius
739 620 827 685 vocis
851 623 943 683 tanta
966 621 999 682 in
1023 618 1176 683 familiari
1200 641 1347 684 sermone

154 722 399 807 frequentia,
428 723 527 787 semel
550 724 583 787 in
607 725 723 808 viginti
747 726 921 789 comoediis
945 725 1101 808 producta
1125 725 1240 789 ultima
1263 726 1348 809 posi·

155 832 248 893 tum
280 829 460 894 credemus
484 829 591 894 Aulul.
617 829 674 911 IV,
701 832 755 914 10,
779 831 836 915 53,
869 852 964 914 quem
988 831 1116 895 adiecta
1138 831 1210 895 hirec
1232 832 1348 895 vocula

158 935 404 1022 redintegro:
1138 1010 1141 1015 ,

243 1041 359 1107 Mlius
382 1041 447 1106 fuit
469 1047 561 1126 pater
584 1042 661 1109 hinc
685 1044 910 1128 Antimachus,
933 1046 993 1129 e'go
1019 1067 1117 1110 uocor
1141 1043 1334 1130 Lyconides:

160 1190 210 1233 ea
244 1167 397 1253 quidem
425 1166 496 1231 irinc
523 1168 702 1252 particulae
732 1171 907 1251 potestate,
940 1192 1004 1253 qua
1026 1168 1116 1233 Trin.
1139 1170 1204 1234 326
1233 1170 1347 1255 scripsi

161 1273 386 1339 adulescenti
410 1272 482 1337 binc
500 1295 609 1356 periere
629 1295 764 1352 surrzmo,
797 1275 953 1340 debebam
976 1279 1013 1338 ut
1037 1298 1108 1340 sero
1133 1277 1225 1342 video
1249 1277 1348 1341 etiam

165 1405 203 1447 v.
220 1380 304 1447 359
330 1379 502 1444 Lesbonico
524 1380 600 1445 binc
617 1382 801 1446 orlulcsccrcti
825 1381 974 1445 scribere.
1008 1378 1112 1445 Semel
1132 1387 1257 1447 exstare
1276 1405 1348 1467 pro·

167 1488 328 1553 ductum
353 1491 448 1568 pater
475 1486 554 1550 dixi:
584 1509 661 1551 nam
689 1487 780 1551 Asin.
804 1486 843 1570 V,
871 1489 902 1569 1,
928 1490 942 1550 1
971 1488 1108 1553 mutatio
1137 1489 1174 1552 fit
1196 1512 1347 1574 persona·

165 1618 268 1679 rum,
296 1592 487 1658 Trinummi
510 1597 618 1658 autem
643 1617 669 1658 v.
685 1595 751 1658 645
774 1595 837 1658 etsi
862 1594 892 1657 Τ
891 1595 934 1658 ibi
947 1596 1039 1676 pater
1057 1595 1193 1677 auosqcc
1216 1597 1249 1660 in
1269 1598 1345 1662 Am-

169 1702 353 1769 brosiano
385 1705 447 1784 est,
479 1707 589 1765 tamen
619 1723 677 1784 per
706 1701 830 1765 librarii
861 1706 987 1766 tantum
1018 1702 1258 1788 neglegentiam
1289 1726 1345 1787 que
1359 1725 1442 1779 onxx

172 1807 357 1875 excidisse
376 1807 569 1873 credendum
589 1812 639 1872 est
653 1807 821 1872 Palatinis.
854 1807 905 1871 Ad
925 1809 1024 1873 verba
1042 1815 1078 1874 ut
1097 1810 1236 1894 redeam,
1260 1812 1344 1895 qnod

172 1917 213 1981 in
244 1917 374 1998 coitur,
406 1915 439 1979 id
466 1916 565 1980 etiam
598 1916 633 1979 in
660 1936 736 1996 opor
763 1919 796 1978 et
821 1915 949 1978 orrrobor
982 1915 1094 1980 cadere
1122 1918 1345 2003 ratiocinatus,

173 2022 299 2089 habeo
323 2022 414 2107 quod
438 2021 552 2086 addam
575 2025 753 2104 praeterea,
777 2020 973 2085 infinitivum
997 2021 1031 2085 in
1054 2024 1099 2087 ier
1122 2023 1268 2107 syllabas
1293 2047 1345 2090 er·

176 2134 340 2195 euntem:
371 2150 448 2192 nam
471 2128 555 2212 qnod
579 2130 674 2192 dicier
694 2129 820 2211 sccrcyier
842 2129 875 2192 in
898 2129 1013 2193 mediis
1037 2130 1184 2195 versibus
1207 2153 1273 2195 non
1297 2153 1346 2197 so·

176 2237 257 2302 lent
285 2234 459 2318 dactylum
481 2256 632 2319 aequare,
665 2234 698 2299 id
721 2257 787 2299 non
811 2234 887 2299 inde
909 2236 1118 2319 repetendum
1143 2259 1225 2320 esse,
1261 2238 1346 2323 qnod

179 2344 264 2409 illae
290 2341 421 2408 formae
440 2341 550 2406 cretici
569 2363 753 2406 mensnram
772 2342 971 2425 primitivam
990 2342 1174 2428 habuerint,
1197 2349 1346 2430 correpta

181 2450 218 2516 in
244 2448 471 2533 anapaesticis
495 2448 611 2512 ultima
629 2447 759 2530 syllaba
781 2448 884 2532 docet,
908 2472 1003 2532 quam
1023 2450 1091 2513 iure
1111 2471 1169 2513 suo
1189 2449 1346 2514 Herman-

181 2578 249 2621 nus
270 2560 306 2620 et
328 2552 475 2618 defendit
492 2554 527 2618 in
544 2552 652 2617 Iahnii
668 2552 783 2618 Annal.
797 2554 877 2638 phil.
893 2558 914 2618 t.
925 2554 1047 2619 XXXV
1065 2558 1107 2637 [a.
1121 2557 1219 2638 1842]
1235 2579 1265 2640 p.
1283 2557 1346 2620 194

182 2669 219 2728 et
238 2661 382 2727 admisit
400 2660 433 2724 in
453 2659 568 2725 Bacch.
591 2662 690 2725 1131:
714 2661 768 2725 hoc
790 2662 946 2726 emoririer
968 2663 1022 2727 cibs
1041 2668 1075 2726 o.
1120 2662 1182 2727 Sed
1202 2668 1277 2747 post
1296 2686 1345 2727 ra-

183 2768 444 2835 tiocinationem
473 2766 645 2832 videndum
674 2767 713 2830 de
742 2768 906 2850 exemplis.
953 2769 982 2831 A
1007 2769 1121 2852 quibus
1146 2791 1275 2833 rursum
1300 2793 1345 2836 se·

185 2876 365 2965 greganda
394 2897 474 2958 qnae
502 2874 647 2939 incidens
671 2897 827 2957 personae
851 2877 989 2940 mutatio
1014 2881 1179 2960 segregat,
1211 2881 1248 2941 ut
1273 2879 1345 2944 Aul.

184 2984 229 3068 Π,
240 2985 276 3066 2,
286 2984 332 3048 39
353 2982 497 3060 arbitror,
521 2981 637 3046 Bacch.
649 2981 689 3064 V,
703 2984 728 3064 l,
740 2983 783 3046 30
801 3005 913 3060 moror,
937 2982 1008 3048 Cas.
1023 2983 1079 3065 IV,
1095 2986 1177 3067 2,12
1196 2985 1345 3066 spnmrior:

185 3092 238 3155 sel
266 3089 404 3175 gravior
428 3089 655 3172 interpunctio,
678 3092 715 3151 ut
738 3087 986 3171 Rud.111,t,14
1010 3110 1113 3153 moror
1136 3088 1226 3176 (item
1251 3092 1372 3174 ipitur

185 3197 314 3263 Bacch.
341 3195 370 3278 Ι,
397 3198 424 3278 1,
448 3194 512 3279 56).
558 3194 750 3258 Mercatoris
775 3200 882 3258 autem
907 3196 954 3279 ll,
978 3200 1007 3279 3,
1032 3198 1072 3261 'li
1098 3221 1170 3263 cum
1195 3199 1228 3262 in
1252 3197 1344 3263 libris

184 3307 235 3370 sic
262 3302 412 3385 scriptus
437 3302 494 3365 sit:

257 3410 383 3475 Hercle
408 3409 484 3492 quin
509 3413 543 3473 tu
568 3411 653 3472 recte
677 3408 757 3472 dicis
782 3413 815 3472 ct
838 3409 900 3473 tibi
925 3410 1099 3494 adsentior,

185 3539 262 3623 quis
292 3533 346 3600 vel
377 3555 451 3596 cnm
479 3531 664 3599 Camerario
699 3535 753 3597 titi
780 3534 931 3599 ‹isseretior
959 3558 1010 3618 <²90
1039 3537 1089 3601 vel
1120 3558 1192 3599 cum
1222 3534 1343 3600 Bothio

184 3644 245 3709 cti
269 3640 416 3707 assentur
439 3660 489 3723 coo
513 3640 749 3724 amplectatur?
782 3639 821 3704 ln
844 3647 998 3724 promptu
1022 3643 1125 3706 multa
1151 3646 1237 3706 sunt:
1261 3641 1343 3704 nihil

184 3748 377 3834 simplicius
409 3769 506 3831 qnam
533 3749 562 3812 c‘t
589 3748 644 3811 tibi
666 3748 801 3828 equidem
824 3750 987 3813 adsentior.
1036 3748 1120 3813 Item
1145 3750 1216 3833 quis
1240 3749 1343 3812 incor-

183 3860 324 3943 ruptum
356 3852 494 3918 habebit
523 3876 617 3939 quem
642 3851 733 3937 Capt.
757 3853 813 3937 IV,
837 3856 871 3937 2,
898 3857 935 3918 11
962 3854 1064 3919 Vetus
1089 3856 1189 3920 talem
1213 3856 1344 3919 exhibet

184 3961 338 4029 numeris
363 3959 497 4044 quidem
520 3960 633 4024 nullis:

252 4069 401 4136 Eminor
426 4067 680 4153 interminorque
704 4090 744 4131 ne
769 4069 841 4152 quis
867 4068 946 4133 mihi
967 4069 1132 4134 obstiterit
1151 4068 1343 4134 obuiam—?

184 4197 250 4262 Vbi
279 4214 424 4281 perraro
454 4191 601 4276 exemplo
626 4192 750 4275 aliquid
774 4192 853 4256 vidit
878 4193 932 4276 qui
956 4194 1075 4256 cruiaor
1098 4194 1230 4257 verbum
1253 4215 1342 4276 pror·

182 4328 237 4369 sns
266 4300 358 4368 illud
388 4298 576 4363 solitarium
605 4303 701 4385 atque
730 4298 809 4362 adeo
834 4300 969 4362 rationis
993 4320 1106 4389 expers
1118 4300 1165 4383 *1,
1198 4300 1280 4363 dixit
1303 4322 1341 4364 ex

183 4432 305 4440 -.-—.——
310 4429 363 4437 -n-
372 4428 408 4434 ι-

291 4481 320 4547 *)
351 4476 411 4548 [Ex
438 4470 614 4527 addendis
642 4488 901 4543 p.cccxxr11sq.:
936 4473 1056 4527 ‘oblitus
1083 4491 1143 4526 sum
1169 4492 1225 4531 non
1251 4477 1343 4531 minus

1074 4562 1129 4612 27*
