<?xml version="1.0" encoding="UTF-8"?>
<!DOCTYPE html PUBLIC "-//W3C//DTD XHTML 1.0 Transitional//EN"
    "http://www.w3.org/TR/xhtml1/DTD/xhtml1-transitional.dtd">
<html xmlns="http://www.w3.org/1999/xhtml" xml:lang="en" lang="en">
 <head>
  <title>
</title>
<meta http-equiv="Content-Type" content="text/html;charset=utf-8" />
  <meta name='ocr-system' content='tesseract 3.04.00' />
  <meta name='ocr-capabilities' content='ocr_page ocr_carea ocr_par ocr_line ocrx_word'/>
</head>
<body>
  <div class='ocr_page' id='page_1' title='image "./fridericiritsch02wachgoog_0099.png"; bbox 0 0 2962 5032; ppageno 0'>
   <div class='ocr_carea' id='block_1_1' title="bbox 561 300 1069 351">
    <p class='ocr_par' dir='ltr' id='par_1_1' title="bbox 561 300 1069 351">
     <span class='ocr_line' id='line_1_1' title="bbox 561 300 1069 351; baseline -0.002 -1"><span class='ocrx_word' id='word_1_1' title='bbox 561 302 643 350; x_wconf 80' lang='lat' dir='ltr'><strong>VEI&#39;I&#39;</strong></span> <span class='ocrx_word' id='word_1_2' title='bbox 666 302 816 349; x_wconf 81' lang='lat' dir='ltr'><strong>WERLER</strong></span> <span class='ocrx_word' id='word_1_3' title='bbox 838 300 904 351; x_wconf 81' lang='lat' dir='ltr'><strong>ALS</strong></span> <span class='ocrx_word' id='word_1_4' title='bbox 927 301 1069 351; x_wconf 71' lang='lat' dir='ltr'><strong>nocam·</strong></span> 
     </span>
    </p>
   </div>
   <div class='ocr_carea' id='block_1_2' title="bbox 358 551 1287 619">
    <p class='ocr_par' dir='ltr' id='par_1_2' title="bbox 358 551 1287 619">
     <span class='ocr_line' id='line_1_2' title="bbox 358 551 1287 619; baseline 0 -3"><span class='ocrx_word' id='word_1_5' title='bbox 358 552 416 617; x_wconf 91' lang='grc' dir='ltr'>ΙΙΙ.</span> <span class='ocrx_word' id='word_1_6' title='bbox 453 552 609 619; x_wconf 86' lang='lat' dir='ltr'><strong>Gedichte</strong></span> <span class='ocrx_word' id='word_1_7' title='bbox 632 552 787 619; x_wconf 86' lang='lat' dir='ltr'><strong>Werler&#39;s</strong></span> <span class='ocrx_word' id='word_1_8' title='bbox 811 576 882 618; x_wconf 86' lang='lat' dir='ltr'><strong>zum</strong></span> <span class='ocrx_word' id='word_1_9' title='bbox 905 552 974 619; x_wconf 89' lang='lat' dir='ltr'><strong>Lob</strong></span> <span class='ocrx_word' id='word_1_10' title='bbox 999 553 1105 618; x_wconf 82' lang='lat' dir='ltr'><strong>seiner</strong></span> <span class='ocrx_word' id='word_1_11' title='bbox 1127 551 1287 617; x_wconf 84' lang='lat' dir='ltr'><strong>Freunde.</strong></span> 
     </span>
    </p>
   </div>
   <div class='ocr_carea' id='block_1_3' title="bbox 267 728 1384 873">
    <p class='ocr_par' dir='ltr' id='par_1_3' title="bbox 267 728 1384 873">
     <span class='ocr_line' id='line_1_3' title="bbox 267 728 1384 785; baseline -0.002 -2"><span class='ocrx_word' id='word_1_12' title='bbox 267 735 307 785; x_wconf 83' lang='lat'><strong>1‘1.</strong></span> <span class='ocrx_word' id='word_1_13' title='bbox 341 728 490 783; x_wconf 81' lang='lat' dir='ltr'><strong>Gedicht</strong></span> <span class='ocrx_word' id='word_1_14' title='bbox 512 730 572 784; x_wconf 89' lang='lat' dir='ltr'><strong>auf</strong></span> <span class='ocrx_word' id='word_1_15' title='bbox 593 729 656 784; x_wconf 90' lang='lat' dir='ltr'><strong>den</strong></span> <span class='ocrx_word' id='word_1_16' title='bbox 674 730 888 785; x_wconf 84' lang='lat' dir='ltr'><strong>Commentar</strong></span> <span class='ocrx_word' id='word_1_17' title='bbox 906 729 1019 784; x_wconf 88' lang='lat' dir='ltr'><strong>seiues</strong></span> <span class='ocrx_word' id='word_1_18' title='bbox 1037 728 1184 783; x_wconf 87' lang='lat' dir='ltr'><strong>Lshrers</strong></span> <span class='ocrx_word' id='word_1_19' title='bbox 1202 728 1384 783; x_wconf 85' lang='lat' dir='ltr'><strong>Hermann</strong></span> 
     </span>
     <span class='ocr_line' id='line_1_4' title="bbox 442 815 1199 873; baseline -0.003 -1"><span class='ocrx_word' id='word_1_20' title='bbox 442 835 507 873; x_wconf 86' lang='lat' dir='ltr'><strong>son</strong></span> <span class='ocrx_word' id='word_1_21' title='bbox 525 818 599 873; x_wconf 89' lang='lat' dir='ltr'><strong>dem</strong></span> <span class='ocrx_word' id='word_1_22' title='bbox 617 817 749 872; x_wconf 79' lang='lat' dir='ltr'>Busche</span> <span class='ocrx_word' id='word_1_23' title='bbox 769 836 806 871; x_wconf 86' lang='lat' dir='ltr'><strong>zu</strong></span> <span class='ocrx_word' id='word_1_24' title='bbox 825 817 959 871; x_wconf 88' lang='lat' dir='ltr'><strong>Donat&#39;s</strong></span> <span class='ocrx_word' id='word_1_25' title='bbox 978 815 1199 872; x_wconf 84' lang='lat' dir='ltr'><strong>Grammatik.</strong></span> 
     </span>
    </p>
   </div>
   <div class='ocr_carea' id='block_1_4' title="bbox 246 940 1401 1278">
    <p class='ocr_par' dir='ltr' id='par_1_4' title="bbox 246 940 1401 1278">
     <span class='ocr_line' id='line_1_5' title="bbox 248 940 1401 1012; baseline 0 -18"><span class='ocrx_word' id='word_1_26' title='bbox 248 941 316 1009; x_wconf 80' lang='lat' dir='ltr'><strong>(Aua</strong></span> <span class='ocrx_word' id='word_1_27' title='bbox 341 941 509 996; x_wconf 89' lang='lat' dir='ltr'><strong>‘Hermanni</strong></span> <span class='ocrx_word' id='word_1_28' title='bbox 532 942 646 997; x_wconf 89' lang='lat' dir='ltr'><strong>Buschii</strong></span> <span class='ocrx_word' id='word_1_29' title='bbox 669 941 858 1012; x_wconf 84' lang='lat' dir='ltr'><strong>Pasiphiliin</strong></span> <span class='ocrx_word' id='word_1_30' title='bbox 880 943 970 997; x_wconf 86' lang='lat' dir='ltr'><strong>artem</strong></span> <span class='ocrx_word' id='word_1_31' title='bbox 988 940 1092 997; x_wconf 84' lang='lat' dir='ltr'><strong>Donati</strong></span> <span class='ocrx_word' id='word_1_32' title='bbox 1115 941 1150 996; x_wconf 88' lang='lat' dir='ltr'><strong>de</strong></span> <span class='ocrx_word' id='word_1_33' title='bbox 1174 942 1237 996; x_wconf 84' lang='lat' dir='ltr'><strong>octo</strong></span> <span class='ocrx_word' id='word_1_34' title='bbox 1262 940 1401 1010; x_wconf 88' lang='lat' dir='ltr'><strong>partibus</strong></span> 
     </span>
     <span class='ocr_line' id='line_1_6' title="bbox 247 1028 1400 1100; baseline 0 -16"><span class='ocrx_word' id='word_1_35' title='bbox 247 1031 380 1085; x_wconf 88' lang='lat' dir='ltr'><strong>orationis</strong></span> <span class='ocrx_word' id='word_1_36' title='bbox 395 1030 615 1086; x_wconf 84' lang='lat' dir='ltr'><strong>Commentarius</strong></span> <span class='ocrx_word' id='word_1_37' title='bbox 633 1047 667 1084; x_wconf 88' lang='lat' dir='ltr'><strong>ex</strong></span> <span class='ocrx_word' id='word_1_38' title='bbox 685 1031 833 1087; x_wconf 89' lang='lat' dir='ltr'><strong>Pristiano.</strong></span> <span class='ocrx_word' id='word_1_39' title='bbox 848 1029 999 1086; x_wconf 81' lang='lat' dir='ltr'><strong>&#39;Diomede</strong></span> <span class='ocrx_word' id='word_1_40' title='bbox 1019 1029 1125 1086; x_wconf 85' lang='lat' dir='ltr'><strong>Servio.</strong></span> <span class='ocrx_word' id='word_1_41' title='bbox 1146 1028 1245 1100; x_wconf 86' lang='lat' dir='ltr'><strong>Capro.</strong></span> <span class='ocrx_word' id='word_1_42' title='bbox 1259 1029 1400 1098; x_wconf 60' lang='lat' dir='ltr'><strong>‚Agnetis</strong></span> 
     </span>
     <span class='ocr_line' id='line_1_7' title="bbox 246 1117 1400 1190; baseline -0.002 -17"><span class='ocrx_word' id='word_1_43' title='bbox 246 1119 349 1175; x_wconf 87' lang='lat' dir='ltr'><strong>Pbooa.</strong></span> <span class='ocrx_word' id='word_1_44' title='bbox 374 1120 535 1174; x_wconf 90' lang='lat' dir='ltr'><strong>clarissimis</strong></span> <span class='ocrx_word' id='word_1_45' title='bbox 559 1120 749 1190; x_wconf 74' lang='lat' dir='ltr'><strong>grammaticis</strong></span> <span class='ocrx_word' id='word_1_46' title='bbox 767 1137 834 1175; x_wconf 85' lang='lat' dir='ltr'><strong>cura</strong></span> <span class='ocrx_word' id='word_1_47' title='bbox 853 1123 882 1174; x_wconf 92' lang='lat' dir='ltr'><strong>et</strong></span> <span class='ocrx_word' id='word_1_48' title='bbox 899 1119 997 1175; x_wconf 89' lang='lat' dir='ltr'><strong>labore</strong></span> <span class='ocrx_word' id='word_1_49' title='bbox 1014 1135 1072 1173; x_wconf 90' lang='lat' dir='ltr'><strong>non</strong></span> <span class='ocrx_word' id='word_1_50' title='bbox 1089 1117 1224 1173; x_wconf 86' lang='lat' dir='ltr'><strong>mediocri</strong></span> <span class='ocrx_word' id='word_1_51' title='bbox 1243 1118 1282 1172; x_wconf 89' lang='lat' dir='ltr'><strong>ad</strong></span> <span class='ocrx_word' id='word_1_52' title='bbox 1300 1118 1400 1187; x_wconf 90' lang='lat' dir='ltr'><strong>publi-</strong></span> 
     </span>
     <span class='ocr_line' id='line_1_8' title="bbox 246 1205 1399 1278; baseline 0.002 -17"><span class='ocrx_word' id='word_1_53' title='bbox 246 1224 308 1262; x_wconf 89' lang='lat' dir='ltr'><strong>cam</strong></span> <span class='ocrx_word' id='word_1_54' title='bbox 331 1208 485 1263; x_wconf 85' lang='lat' dir='ltr'><strong>iuventutis</strong></span> <span class='ocrx_word' id='word_1_55' title='bbox 508 1209 661 1264; x_wconf 69' lang='lat' dir='ltr'><strong>utilitatem</strong></span> <span class='ocrx_word' id='word_1_56' title='bbox 684 1209 944 1278; x_wconf 72' lang='lat' dir='ltr'><strong>institutionemque</strong></span> <span class='ocrx_word' id='word_1_57' title='bbox 967 1208 1118 1263; x_wconf 88' lang='lat' dir='ltr'><strong>collectus&#39;</strong></span> <span class='ocrx_word' id='word_1_58' title='bbox 1139 1205 1270 1278; x_wconf 78' lang='lat' dir='ltr'><strong>Leipzig,</strong></span> <span class='ocrx_word' id='word_1_59' title='bbox 1290 1206 1399 1263; x_wconf 80' lang='lat' dir='ltr'><strong>Melch.</strong></span> 
     </span>
    </p>
   </div>
   <div class='ocr_carea' id='block_1_5' title="bbox 431 1295 1211 1367">
    <p class='ocr_par' dir='ltr' id='par_1_5' title="bbox 431 1295 1211 1367">
     <span class='ocr_line' id='line_1_9' title="bbox 431 1295 1211 1367; baseline -0.004 -13"><span class='ocrx_word' id='word_1_60' title='bbox 431 1299 530 1356; x_wconf 88' lang='lat' dir='ltr'><strong>Lotter</strong></span> <span class='ocrx_word' id='word_1_61' title='bbox 550 1305 627 1367; x_wconf 85' lang='lat' dir='ltr'><strong>ltll,</strong></span> <span class='ocrx_word' id='word_1_62' title='bbox 647 1298 697 1353; x_wconf 90' lang='lat' dir='ltr'><strong>aui</strong></span> <span class='ocrx_word' id='word_1_63' title='bbox 713 1298 762 1353; x_wconf 90' lang='lat' dir='ltr'><strong>der</strong></span> <span class='ocrx_word' id='word_1_64' title='bbox 781 1297 932 1353; x_wconf 79' lang='lat' dir='ltr'><strong>Rfickseite</strong></span> <span class='ocrx_word' id='word_1_65' title='bbox 950 1297 1000 1352; x_wconf 91' lang='lat' dir='ltr'><strong>des</strong></span> <span class='ocrx_word' id='word_1_66' title='bbox 1019 1295 1211 1365; x_wconf 84' lang='lat' dir='ltr'><strong>Titelblattes)</strong></span> 
     </span>
    </p>
   </div>
   <div class='ocr_carea' id='block_1_6' title="bbox 245 1438 1400 1764">
    <p class='ocr_par' dir='ltr' id='par_1_6' title="bbox 247 1438 1400 1511">
     <span class='ocr_line' id='line_1_10' title="bbox 247 1438 1400 1511; baseline 0 -17"><span class='ocrx_word' id='word_1_67' title='bbox 247 1439 308 1494; x_wconf 86' lang='lat' dir='ltr'><strong>Viti</strong></span> <span class='ocrx_word' id='word_1_68' title='bbox 326 1440 455 1495; x_wconf 87' lang='lat' dir='ltr'><strong>Vuerleri</strong></span> <span class='ocrx_word' id='word_1_69' title='bbox 474 1440 683 1496; x_wconf 83' lang='lat' dir='ltr'><strong>Sultsvelteusis</strong></span> <span class='ocrx_word' id='word_1_70' title='bbox 706 1440 877 1511; x_wconf 79' lang='lat' dir='ltr'><strong>dactylicum</strong></span> <span class='ocrx_word' id='word_1_71' title='bbox 900 1439 1117 1510; x_wconf 87' lang='lat' dir='ltr'><strong>Asclepiadeum</strong></span> <span class='ocrx_word' id='word_1_72' title='bbox 1139 1438 1169 1494; x_wconf 91' lang='lat' dir='ltr'><strong>in</strong></span> <span class='ocrx_word' id='word_1_73' title='bbox 1191 1439 1258 1494; x_wconf 86' lang='lat' dir='ltr'><strong>Her.</strong></span> <span class='ocrx_word' id='word_1_74' title='bbox 1278 1439 1400 1495; x_wconf 89' lang='lat' dir='ltr'><strong>Buschii</strong></span> 
     </span>
    </p>

    <p class='ocr_par' dir='ltr' id='par_1_7' title="bbox 245 1527 1399 1600">
     <span class='ocr_line' id='line_1_11' title="bbox 245 1527 1399 1600; baseline 0 -17"><span class='ocrx_word' id='word_1_75' title='bbox 245 1529 382 1599; x_wconf 86' lang='lat' dir='ltr'><strong>Pasiphili</strong></span> <span class='ocrx_word' id='word_1_76' title='bbox 400 1531 590 1600; x_wconf 86' lang='lat' dir='ltr'><strong>praeceptoris</strong></span> <span class='ocrx_word' id='word_1_77' title='bbox 609 1531 651 1586; x_wconf 89' lang='lat' dir='ltr'><strong>sui</strong></span> <span class='ocrx_word' id='word_1_78' title='bbox 670 1531 852 1600; x_wconf 87' lang='lat' dir='ltr'><strong>undecunque</strong></span> <span class='ocrx_word' id='word_1_79' title='bbox 871 1529 1027 1586; x_wconf 74' lang='lat' dir='ltr'><strong>doctissimi</strong></span> <span class='ocrx_word' id='word_1_80' title='bbox 1045 1527 1280 1585; x_wconf 86' lang='lat' dir='ltr'><strong>commentarium</strong></span> <span class='ocrx_word' id='word_1_81' title='bbox 1309 1547 1399 1599; x_wconf 91' lang='lat' dir='ltr'><strong>quem</strong></span> 
     </span>
    </p>

    <p class='ocr_par' dir='ltr' id='par_1_8' title="bbox 246 1617 1399 1764">
     <span class='ocr_line' id='line_1_12' title="bbox 246 1617 1399 1688; baseline 0.002 -16"><span class='ocrx_word' id='word_1_82' title='bbox 246 1618 274 1672; x_wconf 90' lang='lat' dir='ltr'><strong>in</strong></span> <span class='ocrx_word' id='word_1_83' title='bbox 290 1618 392 1673; x_wconf 86' lang='lat' dir='ltr'><strong>Donati</strong></span> <span class='ocrx_word' id='word_1_84' title='bbox 406 1622 495 1674; x_wconf 86' lang='lat' dir='ltr'><strong>artem</strong></span> <span class='ocrx_word' id='word_1_85' title='bbox 509 1620 544 1673; x_wconf 90' lang='lat' dir='ltr'><strong>de</strong></span> <span class='ocrx_word' id='word_1_86' title='bbox 559 1622 622 1674; x_wconf 89' lang='lat' dir='ltr'><strong>octo</strong></span> <span class='ocrx_word' id='word_1_87' title='bbox 636 1620 763 1688; x_wconf 88' lang='lat' dir='ltr'><strong>partibus</strong></span> <span class='ocrx_word' id='word_1_88' title='bbox 777 1618 911 1674; x_wconf 89' lang='lat' dir='ltr'><strong>orationis</strong></span> <span class='ocrx_word' id='word_1_89' title='bbox 926 1617 1068 1673; x_wconf 79' lang='lat' dir='ltr'><strong>studiosae</strong></span> <span class='ocrx_word' id='word_1_90' title='bbox 1079 1617 1148 1688; x_wconf 86' lang='lat' dir='ltr'><strong>pubi</strong></span> <span class='ocrx_word' id='word_1_91' title='bbox 1157 1634 1247 1687; x_wconf 82' lang='lat' dir='ltr'><strong>nuper</strong></span> <span class='ocrx_word' id='word_1_92' title='bbox 1256 1617 1399 1674; x_wconf 85' lang='lat' dir='ltr'><strong>ediderat.</strong></span> 
     </span>
     <span class='ocr_line' id='line_1_13' title="bbox 525 1707 1113 1764; baseline 0.002 -2"><span class='ocrx_word' id='word_1_93' title='bbox 525 1708 649 1763; x_wconf 85' lang='lat' dir='ltr'><strong>Libellus</strong></span> <span class='ocrx_word' id='word_1_94' title='bbox 668 1711 811 1764; x_wconf 74' lang='lat' dir='ltr'><strong>auctorem</strong></span> <span class='ocrx_word' id='word_1_95' title='bbox 829 1726 909 1763; x_wconf 90' lang='lat' dir='ltr'><strong>suum</strong></span> <span class='ocrx_word' id='word_1_96' title='bbox 929 1707 1113 1764; x_wconf 81' lang='lat' dir='ltr'><strong>commendat</strong></span> 
     </span>
    </p>
   </div>
   <div class='ocr_carea' id='block_1_7' title="bbox 458 1850 1163 4134">
    <p class='ocr_par' dir='ltr' id='par_1_9' title="bbox 458 1850 1059 2277">
     <span class='ocr_line' id='line_1_14' title="bbox 462 1850 1039 1922; baseline 0 -17"><span class='ocrx_word' id='word_1_97' title='bbox 462 1851 514 1916; x_wconf 79' lang='lat' dir='ltr'><strong>Qui</strong></span> <span class='ocrx_word' id='word_1_98' title='bbox 532 1868 578 1906; x_wconf 91' lang='lat' dir='ltr'><strong>me</strong></span> <span class='ocrx_word' id='word_1_99' title='bbox 597 1852 757 1922; x_wconf 84' lang='lat' dir='ltr'><strong>composuit</strong></span> <span class='ocrx_word' id='word_1_100' title='bbox 774 1850 912 1907; x_wconf 87' lang='lat' dir='ltr'><strong>Buschins</strong></span> <span class='ocrx_word' id='word_1_101' title='bbox 930 1850 1039 1906; x_wconf 87' lang='lat' dir='ltr'><strong>affatim</strong></span> 
     </span>
     <span class='ocr_line' id='line_1_15' title="bbox 460 1939 1038 2010; baseline 0.002 -17"><span class='ocrx_word' id='word_1_102' title='bbox 460 1939 537 1995; x_wconf 83' lang='lat' dir='ltr'><strong>Miris</strong></span> <span class='ocrx_word' id='word_1_103' title='bbox 557 1943 759 1995; x_wconf 86' lang='lat' dir='ltr'><strong>commemorat</strong></span> <span class='ocrx_word' id='word_1_104' title='bbox 776 1940 881 2010; x_wconf 87' lang='lat' dir='ltr'><strong>scripta</strong></span> <span class='ocrx_word' id='word_1_105' title='bbox 899 1939 1038 1996; x_wconf 89' lang='lat' dir='ltr'><strong>nitoribus</strong></span> 
     </span>
     <span class='ocr_line' id='line_1_16' title="bbox 458 2026 1027 2085; baseline 0.005 -5"><span class='ocrx_word' id='word_1_106' title='bbox 458 2026 586 2084; x_wconf 88' lang='lat' dir='ltr'><strong>Pulchris</strong></span> <span class='ocrx_word' id='word_1_107' title='bbox 605 2034 634 2084; x_wconf 93' lang='lat' dir='ltr'><strong>et</strong></span> <span class='ocrx_word' id='word_1_108' title='bbox 652 2030 768 2085; x_wconf 88' lang='lat' dir='ltr'><strong>decorat</strong></span> <span class='ocrx_word' id='word_1_109' title='bbox 785 2045 867 2085; x_wconf 85' lang='lat' dir='ltr'><strong>sense</strong></span> <span class='ocrx_word' id='word_1_110' title='bbox 884 2028 1027 2084; x_wconf 76' lang='lat' dir='ltr'><strong>laboribus</strong></span> 
     </span>
     <span class='ocr_line' id='line_1_17' title="bbox 459 2117 1059 2189; baseline 0.003 -18"><span class='ocrx_word' id='word_1_111' title='bbox 459 2117 534 2172; x_wconf 78' lang='lat' dir='ltr'><strong>Artis</strong></span> <span class='ocrx_word' id='word_1_112' title='bbox 552 2118 753 2189; x_wconf 78' lang='lat' dir='ltr'><strong>grammaticae</strong></span> <span class='ocrx_word' id='word_1_113' title='bbox 770 2118 862 2188; x_wconf 89' lang='lat' dir='ltr'><strong>prima</strong></span> <span class='ocrx_word' id='word_1_114' title='bbox 879 2118 1059 2188; x_wconf 85' lang='lat' dir='ltr'><strong>documina*)</strong></span> 
     </span>
     <span class='ocr_line' id='line_1_18' title="bbox 458 2206 925 2277; baseline 0.004 -18"><span class='ocrx_word' id='word_1_115' title='bbox 458 2206 496 2259; x_wconf 85' lang='lat' dir='ltr'><strong>Et</strong></span> <span class='ocrx_word' id='word_1_116' title='bbox 513 2207 626 2276; x_wconf 82' lang='lat' dir='ltr'><strong>linguae</strong></span> <span class='ocrx_word' id='word_1_117' title='bbox 645 2207 750 2262; x_wconf 89' lang='lat' dir='ltr'><strong>latialis</strong></span> <span class='ocrx_word' id='word_1_118' title='bbox 769 2206 925 2277; x_wconf 72' lang='lat' dir='ltr'><strong>pscsetralia</strong></span> 
     </span>
    </p>

    <p class='ocr_par' dir='ltr' id='par_1_10' title="bbox 458 2296 1110 2812">
     <span class='ocr_line' id='line_1_19' title="bbox 458 2296 1039 2364; baseline 0.003 -16"><span class='ocrx_word' id='word_1_119' title='bbox 458 2296 617 2351; x_wconf 82' lang='lat' dir='ltr'><strong>Emunctim</strong></span> <span class='ocrx_word' id='word_1_120' title='bbox 635 2314 761 2352; x_wconf 86' lang='lat' dir='ltr'><strong>reserans</strong></span> <span class='ocrx_word' id='word_1_121' title='bbox 780 2296 905 2351; x_wconf 87' lang='lat' dir='ltr'><strong>sensibus</strong></span> <span class='ocrx_word' id='word_1_122' title='bbox 923 2296 1039 2364; x_wconf 83' lang='lat' dir='ltr'><strong>intimis,</strong></span> 
     </span>
     <span class='ocr_line' id='line_1_20' title="bbox 459 2383 1110 2455; baseline 0.003 -18"><span class='ocrx_word' id='word_1_123' title='bbox 459 2383 513 2439; x_wconf 91' lang='lat' dir='ltr'><strong>Per</strong></span> <span class='ocrx_word' id='word_1_124' title='bbox 531 2402 603 2454; x_wconf 88' lang='lat' dir='ltr'><strong>quae</strong></span> <span class='ocrx_word' id='word_1_125' title='bbox 621 2385 714 2455; x_wconf 87' lang='lat' dir='ltr'><strong>(crede</strong></span> <span class='ocrx_word' id='word_1_126' title='bbox 733 2385 814 2454; x_wconf 87' lang='lat' dir='ltr'><strong>mibi)</strong></span> <span class='ocrx_word' id='word_1_127' title='bbox 833 2386 939 2440; x_wconf 89' lang='lat' dir='ltr'><strong>crescet</strong></span> <span class='ocrx_word' id='word_1_128' title='bbox 957 2384 1110 2440; x_wconf 87' lang='lat' dir='ltr'><strong>honoribus</strong></span> 
     </span>
     <span class='ocr_line' id='line_1_21' title="bbox 460 2471 1083 2529; baseline -0.002 -2"><span class='ocrx_word' id='word_1_129' title='bbox 460 2472 615 2529; x_wconf 77' lang='lat' dir='ltr'><strong>Confestim</strong></span> <span class='ocrx_word' id='word_1_130' title='bbox 633 2473 785 2527; x_wconf 87' lang='lat' dir='ltr'><strong>innumeris</strong></span> <span class='ocrx_word' id='word_1_131' title='bbox 804 2471 971 2527; x_wconf 81' lang='lat' dir='ltr'><strong>Romuleum</strong></span> <span class='ocrx_word' id='word_1_132' title='bbox 990 2472 1083 2526; x_wconf 89' lang='lat' dir='ltr'><strong>decus.</strong></span> 
     </span>
     <span class='ocr_line' id='line_1_22' title="bbox 460 2561 989 2632; baseline -0.006 -15"><span class='ocrx_word' id='word_1_133' title='bbox 460 2562 562 2632; x_wconf 81' lang='lat' dir='ltr'><strong>Surget</strong></span> <span class='ocrx_word' id='word_1_134' title='bbox 580 2561 647 2632; x_wconf 90' lang='lat' dir='ltr'><strong>quin</strong></span> <span class='ocrx_word' id='word_1_135' title='bbox 665 2563 751 2617; x_wconf 90' lang='lat' dir='ltr'><strong>etiam</strong></span> <span class='ocrx_word' id='word_1_136' title='bbox 772 2564 833 2617; x_wconf 89' lang='lat' dir='ltr'><strong>tota</strong></span> <span class='ocrx_word' id='word_1_137' title='bbox 851 2561 989 2616; x_wconf 86' lang='lat' dir='ltr'><strong>Latinitas</strong></span> 
     </span>
     <span class='ocr_line' id='line_1_23' title="bbox 458 2650 1040 2707; baseline 0.002 -2"><span class='ocrx_word' id='word_1_138' title='bbox 458 2650 567 2707; x_wconf 88' lang='lat' dir='ltr'><strong>Priscas</strong></span> <span class='ocrx_word' id='word_1_139' title='bbox 586 2651 737 2706; x_wconf 85' lang='lat' dir='ltr'><strong>restituens</strong></span> <span class='ocrx_word' id='word_1_140' title='bbox 754 2667 810 2706; x_wconf 89' lang='lat' dir='ltr'><strong>uon</strong></span> <span class='ocrx_word' id='word_1_141' title='bbox 829 2651 903 2706; x_wconf 90' lang='lat' dir='ltr'><strong>male</strong></span> <span class='ocrx_word' id='word_1_142' title='bbox 921 2651 1040 2706; x_wconf 85' lang='lat' dir='ltr'><strong>litteras.</strong></span> 
     </span>
     <span class='ocr_line' id='line_1_24' title="bbox 459 2739 1041 2812; baseline 0.003 -18"><span class='ocrx_word' id='word_1_143' title='bbox 459 2740 511 2796; x_wconf 82' lang='lat' dir='ltr'><strong>Eia</strong></span> <span class='ocrx_word' id='word_1_144' title='bbox 530 2758 606 2812; x_wconf 80' lang='lat' dir='ltr'><strong>ergo,</strong></span> <span class='ocrx_word' id='word_1_145' title='bbox 625 2756 642 2796; x_wconf 94' lang='lat' dir='ltr'><strong>o</strong></span> <span class='ocrx_word' id='word_1_146' title='bbox 660 2740 781 2810; x_wconf 84' lang='lat' dir='ltr'><strong>iuvenis,</strong></span> <span class='ocrx_word' id='word_1_147' title='bbox 799 2741 913 2809; x_wconf 87' lang='lat' dir='ltr'><strong>pectore</strong></span> <span class='ocrx_word' id='word_1_148' title='bbox 932 2739 1041 2797; x_wconf 75' lang='lat' dir='ltr'><strong>fervido</strong></span> 
     </span>
    </p>

    <p class='ocr_par' dir='ltr' id='par_1_11' title="bbox 459 2830 1163 3700">
     <span class='ocr_line' id='line_1_25' title="bbox 459 2830 1028 2897; baseline 0.004 -13"><span class='ocrx_word' id='word_1_149' title='bbox 459 2832 501 2884; x_wconf 89' lang='lat' dir='ltr'><strong>Ac</strong></span> <span class='ocrx_word' id='word_1_150' title='bbox 519 2830 599 2897; x_wconf 74' lang='lat' dir='ltr'><strong>firma</strong></span> <span class='ocrx_word' id='word_1_151' title='bbox 617 2831 714 2884; x_wconf 86' lang='lat' dir='ltr'><strong>teneas</strong></span> <span class='ocrx_word' id='word_1_152' title='bbox 733 2832 826 2885; x_wconf 86' lang='lat' dir='ltr'><strong>ments</strong></span> <span class='ocrx_word' id='word_1_153' title='bbox 844 2830 1028 2897; x_wconf 88' lang='lat' dir='ltr'><strong>reconditum,</strong></span> 
     </span>
     <span class='ocr_line' id='line_1_26' title="bbox 460 2918 1078 2990; baseline 0.006 -19"><span class='ocrx_word' id='word_1_154' title='bbox 460 2918 599 2986; x_wconf 76' lang='lat' dir='ltr'><strong>Quicquid</strong></span> <span class='ocrx_word' id='word_1_155' title='bbox 617 2935 668 2988; x_wconf 89' lang='lat' dir='ltr'><strong>per</strong></span> <span class='ocrx_word' id='word_1_156' title='bbox 686 2919 810 2974; x_wconf 80' lang='lat' dir='ltr'><strong>modicas</strong></span> <span class='ocrx_word' id='word_1_157' title='bbox 828 2920 864 2975; x_wconf 91' lang='lat' dir='ltr'><strong>do</strong></span> <span class='ocrx_word' id='word_1_158' title='bbox 882 2919 935 2975; x_wconf 90' lang='lat' dir='ltr'><strong>tibi</strong></span> <span class='ocrx_word' id='word_1_159' title='bbox 953 2920 1078 2990; x_wconf 77' lang='lat' dir='ltr'><strong>paginas,</strong></span> 
     </span>
     <span class='ocr_line' id='line_1_27' title="bbox 460 3006 1070 3079; baseline 0.003 -20"><span class='ocrx_word' id='word_1_160' title='bbox 460 3006 515 3060; x_wconf 86' lang='lat' dir='ltr'><strong>Sed</strong></span> <span class='ocrx_word' id='word_1_161' title='bbox 534 3006 631 3062; x_wconf 86' lang='lat' dir='ltr'><strong>doctas</strong></span> <span class='ocrx_word' id='word_1_162' title='bbox 649 3007 730 3078; x_wconf 80' lang='lat' dir='ltr'><strong>vigili</strong></span> <span class='ocrx_word' id='word_1_163' title='bbox 748 3009 777 3061; x_wconf 90' lang='lat' dir='ltr'><strong>et</strong></span> <span class='ocrx_word' id='word_1_164' title='bbox 795 3008 885 3064; x_wconf 82' lang='lat' dir='ltr'><strong>Marte</strong></span> <span class='ocrx_word' id='word_1_165' title='bbox 904 3008 1070 3079; x_wconf 83' lang='lat' dir='ltr'><strong>recognitas.</strong></span> 
     </span>
     <span class='ocr_line' id='line_1_28' title="bbox 459 3095 1086 3167; baseline 0.006 -19"><span class='ocrx_word' id='word_1_166' title='bbox 459 3095 522 3149; x_wconf 90' lang='lat' dir='ltr'><strong>Non</strong></span> <span class='ocrx_word' id='word_1_167' title='bbox 540 3096 595 3163; x_wconf 86' lang='lat' dir='ltr'><strong>est,</strong></span> <span class='ocrx_word' id='word_1_168' title='bbox 615 3113 663 3150; x_wconf 90' lang='lat' dir='ltr'><strong>cur</strong></span> <span class='ocrx_word' id='word_1_169' title='bbox 682 3096 798 3151; x_wconf 89' lang='lat' dir='ltr'><strong>stolidos</strong></span> <span class='ocrx_word' id='word_1_170' title='bbox 816 3098 905 3152; x_wconf 84' lang='lat' dir='ltr'><strong>lustra</strong></span> <span class='ocrx_word' id='word_1_171' title='bbox 923 3115 973 3167; x_wconf 89' lang='lat' dir='ltr'><strong>per</strong></span> <span class='ocrx_word' id='word_1_172' title='bbox 992 3099 1086 3153; x_wconf 88' lang='lat' dir='ltr'><strong>omnia</strong></span> 
     </span>
     <span class='ocr_line' id='line_1_29' title="bbox 460 3183 1007 3256; baseline 0.009 -19"><span class='ocrx_word' id='word_1_173' title='bbox 460 3183 598 3254; x_wconf 90' lang='lat' dir='ltr'><strong>Deinceps</strong></span> <span class='ocrx_word' id='word_1_174' title='bbox 617 3186 816 3255; x_wconf 80' lang='lat' dir='ltr'><strong>grammaticos</strong></span> <span class='ocrx_word' id='word_1_175' title='bbox 834 3186 1007 3256; x_wconf 82' lang='lat' dir='ltr'><strong>ingeniosius</strong></span> 
     </span>
     <span class='ocr_line' id='line_1_30' title="bbox 460 3271 1163 3346; baseline 0.007 -21"><span class='ocrx_word' id='word_1_176' title='bbox 460 3272 564 3327; x_wconf 85' lang='lat' dir='ltr'><strong>Volvas</strong></span> <span class='ocrx_word' id='word_1_177' title='bbox 582 3271 664 3328; x_wconf 85' lang='lat' dir='ltr'><strong>foede</strong></span> <span class='ocrx_word' id='word_1_178' title='bbox 683 3290 796 3343; x_wconf 88' lang='lat' dir='ltr'><strong>operam</strong></span> <span class='ocrx_word' id='word_1_179' title='bbox 815 3278 845 3330; x_wconf 92' lang='lat' dir='ltr'><strong>et</strong></span> <span class='ocrx_word' id='word_1_180' title='bbox 863 3278 991 3346; x_wconf 87' lang='lat' dir='ltr'><strong>tempora</strong></span> <span class='ocrx_word' id='word_1_181' title='bbox 1009 3277 1163 3345; x_wconf 85' lang='lat' dir='ltr'><strong>collooans;</strong></span> 
     </span>
     <span class='ocr_line' id='line_1_31' title="bbox 460 3359 1052 3419; baseline 0.01 -6"><span class='ocrx_word' id='word_1_182' title='bbox 460 3359 550 3415; x_wconf 85' lang='lat' dir='ltr'><strong>Maius</strong></span> <span class='ocrx_word' id='word_1_183' title='bbox 569 3362 701 3417; x_wconf 88' lang='lat' dir='ltr'><strong>continuo</strong></span> <span class='ocrx_word' id='word_1_184' title='bbox 719 3380 785 3417; x_wconf 89' lang='lat' dir='ltr'><strong>nam</strong></span> <span class='ocrx_word' id='word_1_185' title='bbox 803 3363 856 3418; x_wconf 86' lang='lat' dir='ltr'><strong>tibi</strong></span> <span class='ocrx_word' id='word_1_186' title='bbox 875 3365 1052 3419; x_wconf 88' lang='lat' dir='ltr'><strong>commodum</strong></span> 
     </span>
     <span class='ocr_line' id='line_1_32' title="bbox 460 3448 1068 3520; baseline 0.01 -19"><span class='ocrx_word' id='word_1_187' title='bbox 460 3448 566 3503; x_wconf 90' lang='lat' dir='ltr'><strong>Horum</strong></span> <span class='ocrx_word' id='word_1_188' title='bbox 585 3450 698 3505; x_wconf 82' lang='lat' dir='ltr'><strong>confero</strong></span> <span class='ocrx_word' id='word_1_189' title='bbox 717 3469 801 3520; x_wconf 88' lang='lat' dir='ltr'><strong>quam</strong></span> <span class='ocrx_word' id='word_1_190' title='bbox 820 3452 898 3506; x_wconf 91' lang='lat' dir='ltr'><strong>mille</strong></span> <span class='ocrx_word' id='word_1_191' title='bbox 917 3453 1068 3509; x_wconf 86' lang='lat' dir='ltr'><strong>volumina.</strong></span> 
     </span>
     <span class='ocr_line' id='line_1_33' title="bbox 460 3537 1103 3610; baseline 0.011 -19"><span class='ocrx_word' id='word_1_192' title='bbox 460 3537 532 3591; x_wconf 89' lang='lat' dir='ltr'><strong>Hinc</strong></span> <span class='ocrx_word' id='word_1_193' title='bbox 551 3556 601 3608; x_wconf 87' lang='lat' dir='ltr'><strong>pro</strong></span> <span class='ocrx_word' id='word_1_194' title='bbox 621 3556 734 3595; x_wconf 90' lang='lat' dir='ltr'><strong>munere</strong></span> <span class='ocrx_word' id='word_1_195' title='bbox 753 3540 888 3610; x_wconf 88' lang='lat' dir='ltr'><strong>donisque</strong></span> <span class='ocrx_word' id='word_1_196' title='bbox 907 3543 1069 3598; x_wconf 87' lang='lat' dir='ltr'><strong>decentibus</strong></span> <span class='ocrx_word' id='word_1_197' title='bbox 1101 3574 1103 3578; x_wconf 19' lang='grc' dir='ltr'><em>Α</em></span> 
     </span>
     <span class='ocr_line' id='line_1_34' title="bbox 460 3627 967 3700; baseline 0.012 -20"><span class='ocrx_word' id='word_1_198' title='bbox 460 3627 577 3682; x_wconf 84' lang='lat' dir='ltr'><strong>Auctori</strong></span> <span class='ocrx_word' id='word_1_199' title='bbox 595 3630 709 3684; x_wconf 85' lang='lat' dir='ltr'><strong>meritas</strong></span> <span class='ocrx_word' id='word_1_200' title='bbox 728 3629 843 3684; x_wconf 85' lang='lat' dir='ltr'><strong>reddere</strong></span> <span class='ocrx_word' id='word_1_201' title='bbox 862 3632 967 3700; x_wconf 80' lang='lat' dir='ltr'><strong>gratias</strong></span> 
     </span>
    </p>

    <p class='ocr_par' dir='ltr' id='par_1_12' title="bbox 460 3715 1150 3965">
     <span class='ocr_line' id='line_1_35' title="bbox 462 3715 1150 3791; baseline 0.012 -22"><span class='ocrx_word' id='word_1_202' title='bbox 462 3715 520 3769; x_wconf 87' lang='lat' dir='ltr'><strong>Nec</strong></span> <span class='ocrx_word' id='word_1_203' title='bbox 540 3716 627 3789; x_wconf 79' lang='lat' dir='ltr'><strong>[Nol]</strong></span> <span class='ocrx_word' id='word_1_204' title='bbox 647 3734 738 3773; x_wconf 88' lang='lat' dir='ltr'><strong>cesses</strong></span> <span class='ocrx_word' id='word_1_205' title='bbox 757 3717 850 3774; x_wconf 87' lang='lat' dir='ltr'><strong>auimo</strong></span> <span class='ocrx_word' id='word_1_206' title='bbox 870 3719 1014 3776; x_wconf 82' lang='lat' dir='ltr'><strong>effectibus</strong></span> <span class='ocrx_word' id='word_1_207' title='bbox 1033 3736 1150 3791; x_wconf 72' lang='lat' dir='ltr'><strong>oreque,</strong></span> 
     </span>
     <span class='ocr_line' id='line_1_36' title="bbox 460 3804 1027 3876; baseline 0.011 -19"><span class='ocrx_word' id='word_1_208' title='bbox 460 3804 577 3859; x_wconf 85' lang='lat' dir='ltr'><strong>Prssens</strong></span> <span class='ocrx_word' id='word_1_209' title='bbox 597 3806 720 3861; x_wconf 89' lang='lat' dir='ltr'><strong>excoluit</strong></span> <span class='ocrx_word' id='word_1_210' title='bbox 737 3808 787 3876; x_wconf 88' lang='lat' dir='ltr'><strong>qui</strong></span> <span class='ocrx_word' id='word_1_211' title='bbox 805 3808 928 3863; x_wconf 86' lang='lat' dir='ltr'><strong>studium</strong></span> <span class='ocrx_word' id='word_1_212' title='bbox 947 3811 1027 3863; x_wconf 88' lang='lat' dir='ltr'><strong>tuum</strong></span> 
     </span>
     <span class='ocr_line' id='line_1_37' title="bbox 460 3894 908 3965; baseline 0.011 -19"><span class='ocrx_word' id='word_1_213' title='bbox 460 3894 546 3947; x_wconf 88' lang='lat' dir='ltr'><strong>Musis</strong></span> <span class='ocrx_word' id='word_1_214' title='bbox 565 3896 691 3949; x_wconf 81' lang='lat' dir='ltr'><strong>etruria</strong></span> <span class='ocrx_word' id='word_1_215' title='bbox 709 3896 908 3965; x_wconf 86' lang='lat' dir='ltr'><strong>sollicitudine,</strong></span> 
     </span>
    </p>

    <p class='ocr_par' dir='ltr' id='par_1_13' title="bbox 460 3983 1104 4134">
     <span class='ocr_line' id='line_1_38' title="bbox 460 3983 1104 4058; baseline 0.017 -24"><span class='ocrx_word' id='word_1_216' title='bbox 460 3983 567 4037; x_wconf 84' lang='lat' dir='ltr'><strong>Absens</strong></span> <span class='ocrx_word' id='word_1_217' title='bbox 586 4000 637 4037; x_wconf 88' lang='lat' dir='ltr'><strong>neo</strong></span> <span class='ocrx_word' id='word_1_218' title='bbox 656 3985 739 4040; x_wconf 92' lang='lat' dir='ltr'><strong>modo</strong></span> <span class='ocrx_word' id='word_1_219' title='bbox 759 3986 851 4054; x_wconf 87' lang='lat' dir='ltr'><strong>deest,</strong></span> <span class='ocrx_word' id='word_1_220' title='bbox 871 3986 975 4057; x_wconf 83' lang='lat' dir='ltr'><strong>ingenii</strong></span> <span class='ocrx_word' id='word_1_221' title='bbox 994 4006 1104 4058; x_wconf 88' lang='lat' dir='ltr'><strong>quoque</strong></span> 
     </span>
     <span class='ocr_line' id='line_1_39' title="bbox 461 4072 985 4134; baseline 0.013 -8"><span class='ocrx_word' id='word_1_222' title='bbox 461 4072 573 4127; x_wconf 86' lang='lat' dir='ltr'><strong>Visacis</strong></span> <span class='ocrx_word' id='word_1_223' title='bbox 591 4072 695 4128; x_wconf 88' lang='lat' dir='ltr'><strong>nitidos</strong></span> <span class='ocrx_word' id='word_1_224' title='bbox 714 4074 872 4129; x_wconf 85' lang='lat' dir='ltr'><strong>accumulat</strong></span> <span class='ocrx_word' id='word_1_225' title='bbox 890 4075 985 4134; x_wconf 86' lang='lat' dir='ltr'><strong>libros.</strong></span> 
     </span>
    </p>
   </div>
   <div class='ocr_carea' id='block_1_8' title="bbox 337 4287 728 4358">
    <p class='ocr_par' dir='ltr' id='par_1_14' title="bbox 337 4287 728 4358">
     <span class='ocr_line' id='line_1_40' title="bbox 337 4287 728 4358; baseline 0.008 -18"><span class='ocrx_word' id='word_1_226' title='bbox 337 4288 362 4355; x_wconf 71' lang='lat'><strong>¹⁸)</strong></span> <span class='ocrx_word' id='word_1_227' title='bbox 381 4287 422 4341; x_wconf 77' lang='lat' dir='ltr'><strong>Oi.</strong></span> <span class='ocrx_word' id='word_1_228' title='bbox 442 4288 542 4358; x_wconf 82' lang='lat' dir='ltr'><strong>Opusc.</strong></span> <span class='ocrx_word' id='word_1_229' title='bbox 565 4287 602 4340; x_wconf 92' lang='lat' dir='ltr'><strong>llI</strong></span> <span class='ocrx_word' id='word_1_230' title='bbox 621 4306 647 4358; x_wconf 91' lang='lat' dir='ltr'><strong>p.</strong></span> <span class='ocrx_word' id='word_1_231' title='bbox 670 4294 728 4343; x_wconf 78' lang='lat'>114.</span> 
     </span>
    </p>
   </div>
   <div class='ocr_carea' id='block_1_9' title="bbox 754 4455 884 4463">
    <p class='ocr_par' dir='ltr' id='par_1_15' title="bbox 754 4455 884 4463">
     <span class='ocr_line' id='line_1_41' title="bbox 754 4455 884 4463; baseline 0 -1"><span class='ocrx_word' id='word_1_232' title='bbox 754 4455 884 4463; x_wconf 67' lang='lat'>.-.-——..-</span> 
     </span>
    </p>
   </div>
   <div class='ocr_carea' id='block_1_10' title="bbox 0 0 1492 5032">
    <p class='ocr_par' dir='ltr' id='par_1_16' title="bbox 0 0 1492 5032">
     <span class='ocr_line' id='line_1_42' title="bbox 0 0 1492 5032; baseline 0 0"><span class='ocrx_word' id='word_1_233' title='bbox 0 0 1492 5032; x_wconf 95' lang='lat' dir='ltr'><strong> </strong></span> 
     </span>
    </p>
   </div>
  </div>
 </body>
</html>
