2962 5032
660 357 814 407 aursana.
1243 341 1306 406 763

168 522 230 587 que
262 501 384 585 possit3
421 502 460 566 ad
493 500 611 566 horum
644 505 753 567 autem
785 501 962 566 utilitatem
994 504 1140 585 spectare
1177 502 1307 566 brevem

166 632 262 693 quam
286 609 478 672 subiecimus
502 631 613 674 earum
637 632 743 674 rerum
763 609 964 674 notationem
984 608 1156 691 voluimus,
1180 606 1307 691 quibus,

165 717 219 801 qui
238 716 381 780 rationes
400 717 580 799 perspicere
599 721 729 781 nostrae
753 717 952 795 διορθώεεωε
971 716 1108 799 vellent,
1126 736 1192 779 non
1209 734 1307 798 posse

164 844 271 888 carere
300 821 491 886 viderentur.
538 822 659 899 Quodsi
687 823 742 907 qui
765 823 816 887 vel
840 823 886 888 sic
911 823 975 887 sibi
999 823 1080 887 satis
1104 821 1229 886 factum
1252 842 1306 885 ne-

165 934 254 1015 gent,
288 930 443 993 solacium
472 951 509 993 ex
525 940 575 993 'ea
604 931 759 996 varietate
792 931 938 1014 capiant,
970 953 1067 1015 quam
1095 929 1180 994 infra
1208 929 1307 1014 positi

167 1037 348 1101 scholarum
372 1036 492 1100 indices
517 1037 639 1101 affatim
664 1037 888 1122 suppeditant:
913 1059 993 1123 quos
1018 1040 1051 1101 et
1074 1058 1219 1101 crescens
1243 1036 1307 1100 sin·

167 1145 252 1229 gulis
276 1143 369 1207 annis
394 1143 562 1208 doctorum
585 1143 769 1228 frequentia
793 1149 826 1209 et
850 1144 1038 1227 multiplicis
1062 1143 1227 1208 doctrinae
1251 1165 1307 1227 ap·

166 1255 299 1336 paratus
322 1250 502 1315 uberrimus
527 1249 606 1313 satis
632 1250 723 1314 vobis
748 1250 995 1315 commendabit.
1028 1249 1100 1326 Qua
1122 1252 1232 1313 tamen
1256 1271 1307 1313 va·

166 1360 281 1423 rietatc
309 1356 401 1422 vobis
430 1360 578 1421 auctores
609 1378 719 1420 sumus
747 1360 784 1421 ut
812 1379 884 1422 cum
912 1356 1031 1421 iudicio
1060 1359 1159 1440 atque
1180 1354 1307 1420 delectu

166 1465 301 1530 utamini
323 1478 409 1528 'nero
438 1463 688 1547 obliviscamini,
722 1463 807 1547 quod
832 1463 978 1529 oblivisci
1002 1485 1103 1548 paene
1127 1462 1162 1527 in
1185 1483 1308 1527 morem

167 1572 264 1637 vertit
291 1570 385 1635 huius
414 1569 546 1654 saeculi,
579 1569 779 1648 πολυμαθίην
808 1570 888 1636 νόον
916 1571 956 1636 οὐ
979 1571 1083 1651 φύειν,
1116 1568 1172 1634 sed
1195 1590 1307 1634 omnes

167 1679 296 1743 virtutis
318 1698 470 1742 numeros
494 1679 530 1742 ἓν
553 1678 679 1742 τέλειον
702 1677 877 1742 continere.

254 1784 316 1849 Est
348 1786 470 1865 autem,
503 1803 597 1866 quem
629 1783 751 1867 partim
785 1787 929 1847 veterum
961 1783 1119 1848 librorum
1153 1782 1308 1849 beneficio

166 1891 287 1976 partim
307 1891 339 1954 vi
358 1890 494 1956 rationis
514 1887 719 1954 emendatum
739 1889 906 1955 vobiscum
926 1888 1209 1973 communicamus,
1232 1888 1307 1954 Phi-

166 1997 334 2066 lolachetis
359 1996 572 2064 adulescentis
595 1997 630 2063 in
652 1991 900 2065 Mostellaria
922 1995 976 2064 hio
999 2017 1114 2063 sermo.

631 2217 778 2225 ——--·-—.-
793 2216 842 2225 —q

725 2357 754 2423 8.

166 2450 311 2586 Epilog
335 2523 378 2565 zu
402 2499 483 2565 rem
506 2500 728 2584 programm
752 2497 876 2564 ‘Porcii
896 2498 1145 2565 Liciniana
1165 2498 1308 2565 serenan

415 2630 527 2672 versus
548 2607 731 2693 integritati
753 2605 913 2671 restituti’
936 2604 1060 2692 (1859).

255 2751 454 2817 Mirabimini
482 2750 635 2833 fortasse,
663 2749 914 2833 commilitones,
940 2750 1064 2814 nullam
1092 2749 1125 2813 in
1148 2749 1210 2815 hac
1238 2753 1310 2815 tota

168 2860 388 2944 disputatione
411 2858 609 2923 mentionem
632 2857 762 2941 Iosephi
787 2855 945 2941 Scaligeri
967 2857 1099 2940 factam,
1122 2857 1177 2941 qui
1201 2857 1308 2923 Porcii

167 2989 277 3032 versus
306 2990 326 3031 a
354 2987 388 3031 sc
416 2968 453 3030 ut
480 2965 527 3030 ait
555 2965 732 3050 castigatos
762 2963 1094 3030 animadversionibus
1118 2963 1151 3028 in
1174 2963 1308 3030 Eusebii

168 3071 405 3157 Ohronologica
437 3073 503 3137 suis
536 3072 672 3137 inseruit
702 3095 733 3156 p.
767 3073 831 3137 144
863 3070 910 3136 ed.
944 3070 998 3136 alt.
1044 3069 1225 3135 Fatendum
1258 3077 1308 3137 est

168 3182 274 3242 autem
304 3183 432 3262 praeter
459 3201 557 3243 unum
586 3201 713 3244 versum
742 3181 882 3261 sextum,
914 3178 970 3243 ubi
998 3178 1063 3243 abir
1084 3179 1119 3242 in
1142 3176 1309 3243 Graeciam

167 3289 255 3350 recto
279 3285 396 3351 iudicio
420 3283 529 3368 edidit,
553 3286 586 3351 in
610 3286 741 3371 reliquis
760 3308 842 3370 quae
861 3308 920 3351 sua
937 3307 1015 3350 usus
1034 3284 1218 3350 coniectura
1236 3307 1308 3368 pro·

168 3392 277 3475 posuit
300 3392 448 3456 omnibus
468 3413 508 3455 ne
527 3414 625 3456 unam
644 3393 773 3477 quidem
793 3415 874 3478 quae
893 3392 1024 3477 probari
1044 3390 1150 3474 possit
1166 3391 1308 3456 litteram

168 3521 246 3563 esse.
292 3497 446 3574 Quodne
470 3497 619 3563 intanto
644 3498 713 3563 viro
737 3520 907 3582 perperam
930 3496 1200 3581 interpretemini,
1229 3496 1310 3562 obli-

167 3605 246 3669 visci
274 3604 376 3668 nolite
404 3608 544 3689 quantos
572 3627 629 3688 per
653 3604 769 3669 horum
792 3604 891 3669 trium
915 3604 1114 3669 saeculorum
1138 3602 1308 3669 decursum

167 3709 339 3792 disciplina
360 3709 560 3794 philologica
583 3730 773 3794 progressus
797 3709 921 3793 fecerit,
948 3710 982 3773 in
1009 3710 1071 3774 hoo
1100 3711 1307 3792 potissimum

168 3814 368 3880 intricatiore
392 3837 518 3901 genere,
541 3818 574 3880 in
599 3838 662 3901 quo
686 3815 771 3899 quod
794 3837 877 3879 nunc
900 3817 993 3879 tanto
1018 3814 1091 3899 plus
1115 3838 1212 3900 quam
1236 3816 1309 3882 Sca·

166 3923 259 4008 ligari
293 3927 398 3988 aetate
432 3945 545 4006 sapere
578 3923 759 4006 didicimus,
795 3945 860 3986 non
893 3926 1023 3986 nostrae
1055 3923 1164 4005 potius
1196 3924 1306 3988 virtuti

166 4055 262 4113 quam
291 4029 425 4095 alterins
450 4028 607 4116 Scaligeri
636 4030 745 4095 divino
774 4028 904 4112 ingenio
934 4032 1101 4112 acceptum
1131 4030 1308 4113 referimus,

169 4136 297 4201 lticardi
321 4136 468 4201 Bentleii.
505 4136 617 4220 ltaque
640 4136 701 4200 hoc
724 4135 871 4218 exemplo
895 4136 1010 4199 moniti
1036 4137 1069 4200 in
1094 4137 1209 4200 vestris
1233 4159 1308 4221 quo·

168 4265 229 4326 que
254 4242 378 4324 studiis,
402 4263 539 4333 qnorum
563 4243 596 4303 et
619 4240 709 4304 varia
732 4244 765 4304 et
787 4240 877 4305 lauta
900 4239 1114 4306 invitamenta
1137 4242 1229 4306 vobis
1253 4267 1308 4329 pa-

166 4352 239 4413 rata
267 4349 296 4413 ei
324 4349 379 4432 qui
407 4346 543 4412 subiecti
571 4350 648 4411 sunt
670 4347 790 4411 indices
814 4345 1005 4430 ostendunt,
1033 4347 1113 4412 illud
1137 4348 1308 4434 diligenter

166 4458 276 4520 cavete
299 4476 340 4518 ne
363 4453 510 4537 deposita
533 4476 614 4538 quae
637 4453 815 4519 maioribus
839 4453 974 4519 debetur
996 4456 1178 4522 reverentia
1196 4457 1307 4525 immo·
