2962 5032
314 314 386 361 UNI)
411 313 472 359 DIE
497 312 684 359 LEIPZIGER
707 310 1027 359 PLAUTUSSTUDIEN.
1204 293 1245 357 73

315 453 412 508 Foelix
431 469 448 508 o
466 469 536 522 puer
553 454 583 507 el
600 453 700 521 quater
718 451 810 518 beate,

314 543 346 596 In
367 540 445 597 onius
462 540 574 611 placido
593 540 656 595 sinu
674 539 802 610 quiescit,

314 632 345 686 In
364 629 445 686 ouius
463 630 558 701 lepido
577 632 696 702 vagatur
716 646 772 698 ore,

315 719 432 775 Planius
450 723 510 775 tam
530 737 608 775 sacer
626 718 739 790 agnitus
757 721 853 789 poetar

315 810 358 863 En
375 809 424 864 ille
443 810 599 877 ἀρχέτυπον
617 807 786 863 iaoeeiarum

315 900 408 967 Atque
426 898 500 953 idem
520 900 601 967 paler
619 897 745 952 omnium
763 897 900 967 leporum,

315 987 367 1041 Vir
384 986 563 1042 doctissimus
581 986 727 1055 utriusque
745 986 868 1057 linguae,

315 1077 366 1130 Vir
383 1075 560 1130 doctissimus
579 1075 763 1143 undecunque
783 1075 906 1132 Plautus.

422 1356 446 1404 5.
480 1350 548 1404 Aul
563 1349 716 1404 Plautus'
736 1348 926 1404 Aulularia

100 1456 175 1526 (Ans
196 1457 301 1512 ‘Plauti
320 1456 488 1527 lepidissimi
506 1458 589 1526 poete
608 1456 755 1512 Aulularia
773 1456 808 1511 ab
827 1457 891 1510 Aul.
906 1455 998 1511 Codro
1016 1455 1107 1509 Vroeo
1123 1496 1128 1508 .
1145 1496 1151 1507 .
1168 1495 1174 1507 .
1189 1453 1246 1523 pri-

100 1546 176 1599 stine
194 1545 283 1601 forme
301 1545 454 1616 diligenter
471 1547 616 1611 terlitium
639 1546 716 1600 illins
736 1545 811 1600 enim
829 1545 890 1599 finis
910 1547 993 1598 antea
1012 1542 1242 1613 desyderabalur’

118 1633 149 1689 in
168 1634 227 1689 drei
246 1634 424 1704 nudrncken,
444 1634 568 1705 Leipzig,
586 1635 688 1691 Melon.
707 1636 805 1690 Lotler
824 1651 845 1688 s.
865 1650 899 1702 a,
920 1639 988 1688 1512
1008 1632 1064 1686 und
1086 1637 1163 1701 1513,
1181 1631 1231 1685 anf

546 1725 610 1780 dem
629 1722 819 1791 Tilelblali*))

386 1849 469 1904 Vilus
487 1849 638 1905 Vnerlerns
656 1849 787 1903 Plautum
806 1845 965 1915 alloquitur.

100 1972 175 2025 Ante
194 1973 256 2026 erat
273 1971 400 2027 informis
415 1974 480 2027 tuus
494 1973 549 2040 hio,
568 1971 608 2025 mi
622 1972 731 2038 Plauto,
748 1970 863 2026 libellus
883 1972 956 2038 (tota
973 1971 1042 2024 haec
1060 1971 1118 2036 tua,
1137 1968 1246 2037 Plauto,

564 2059 670 2114 fabella
687 2061 731 2114 die
750 2059 895 2115 Abdrrlclte
913 2076 966 2114 ooo
984 2064 1057 2114 1512
1077 2060 1136 2113 urul
1154 2062 1246 2126 1513),

173 2148 236 2204 Non
255 2166 334 2204 secus
353 2166 386 2204 ao
404 2147 483 2202 miris
501 2165 621 2218 corpora
638 2151 714 2203 secla
731 2147 837 2214 modis,

100 2237 174 2291 Nam
193 2236 282 2307 capiti
300 2238 384 2293 finem
403 2236 513 2292 cariosa
531 2237 725 2306 absumpserat
743 2239 829 2304 aetas,

173 2327 236 2380 Neu
253 2328 348 2396 posset
364 2327 450 2396 longa
467 2325 634 2396 posteritale
653 2325 717 2381 frui.

100 2415 184 2470 Haud
203 2415 271 2469 tulit
288 2416 342 2471 hoo
361 2414 474 2471 Codrus.
503 2414 609 2470 Codrus
627 2414 805 2470 doctissimus
824 2414 873 2470 ille

174 2504 241 2559 Mox
259 2503 336 2559 sacili
355 2504 473 2559 amissas
492 2502 615 2560 carmine
634 2503 727 2558 reddit
744 2521 812 2573 opes

98 2598 141 2649 Ac
164 2594 291 2648 lacerata
316 2593 385 2648 boni
406 2591 512 2663 passim
540 2591 714 2647 monimenta
736 2596 929 2662 (monumenta
952 2595 996 2649 die
1019 2594 1166 2666 Aaronom
1194 2610 1246 2648 uon

580 2688 654 2738 1512
672 2684 834 2751 ursd1513)
853 2686 954 2753 poetae

173 2770 257 2841 Cogit
274 2772 304 2825 el
320 2769 444 2840 effigiem
463 2770 546 2824 iussit
562 2770 665 2826 habere
685 2788 772 2826 suam.

441 3026 466 3076 6.
503 3019 570 3075 suf
592 3020 733 3076 Plautus
753 3021 898 3091 Captivi.

96 3129 170 3196 (Ans
190 3126 254 3182 dem
274 3127 368 3182 Druck
387 3127 438 3181 nl.
449 3129 478 3182 et
492 3145 516 3183 a.
538 3128 747 3197 ‘Capleisornm
766 3128 890 3183 Duorum
910 3128 1007 3183 sabula
1024 3146 1042 3183 a
1059 3128 1161 3184 Plaulo
1180 3145 1245 3183 auc·

271 3219 332 3271 tore
351 3217 388 3271 ad
406 3216 524 3286 pudicos
542 3234 633 3272 mores
651 3216 748 3286 sacla',
767 3217 818 3273 aul
833 3218 897 3272 dem
916 3218 1076 3286 Tilelblatt)

203 3340 262 3394 Viti
279 3340 405 3395 Vuerleri
425 3340 605 3411 Epigramma
622 3358 678 3410 quo
698 3342 813 3396 Plautus
832 3340 966 3397 leelorem
985 3343 1145 3411 alloquitur.

246 3464 296 3518 Ille
315 3481 368 3535 ego
387 3483 449 3519 sum
467 3464 584 3519 Plaulus
604 3464 682 3535 (quid
700 3466 775 3521 enim
793 3467 944 3521 manifesta
963 3468 1112 3537 raguhel),

317 3554 378 3620 Quo
396 3553 467 3609 dnos
486 3557 552 3609 sunl
569 3555 694 3625 pulchris
713 3557 807 3612 omnia
826 3556 910 3626 plena
928 3557 1006 3624 iocis,

247 3643 355 3713 Inclyta
373 3660 456 3713 quem
476 3645 580 3714 genuit,
600 3644 624 3697 si
642 3645 742 3712 neseis,
761 3644 874 3700 Sarsina
893 3648 1001 3713 vatem,

316 3731 420 3788 leouoo
438 3733 509 3787 haee
527 3734 639 3787 tantum
658 3734 772 3788 Sarsina
789 3734 881 3789 laudis
899 3734 993 3789 habet.

246 3821 355 3891 Aspicis
373 3821 513 3878 horrendo
532 3840 582 3877 cur
599 3838 644 3877 me
663 3822 802 3877 crudelius
821 3830 889 3877 ore?

314 3911 478 3983 Exignoque
496 3929 592 3967 moves
610 3929 752 3967 murmura
770 3929 857 3983 parva
875 3919 960 3967 sono?

175 4072 201 4138 *)
221 4071 408 4141 [Wiederholl
425 4072 454 4127 in
472 4073 615 4144 Freylag's
626 4072 797 4143 ‘separatus
816 4072 980 4128 litterarins’
1001 4076 1020 4130 1.
1032 4075 1058 4127 11
1072 4073 1245 4143 (Lipe.1753)

101 4179 129 4229 p.
152 4165 222 4213 1334
239 4160 295 4214 und
314 4160 342 4213 in
361 4160 416 4214 den
436 4160 654 4216 ‘Malanasiana’
674 4163 731 4215 t.11
750 4161 802 4230 (La
820 4163 897 4230 Haye
918 4166 998 4229 1740)
1017 4181 1043 4231 p.
1051 4170 1111 4230 331,
1130 4163 1159 4216 in
1179 4162 1244 4216 wel-

101 4249 175 4303 chen
193 4248 293 4303 beiden
312 4248 479 4304 Abdrr'iclren
499 4250 543 4304 die
562 4249 745 4317 fehlerhafte,
765 4252 822 4303 erel-
841 4252 935 4319 spiller
954 4251 1098 4321 corrigias
1119 4251 1246 4321 Faesung

101 4345 161 4392 roto
179 4338 245 4392 hooc
262 4343 324 4404 tuo,
343 4337 459 4405 Platae,
477 4339 579 4406 sabella
601 4337 631 4392 in
649 4339 682 4393 V.
704 4346 717 4392 1
738 4338 925 4393 wiederkehrt
947 4340 1003 4393 und
1028 4339 1057 4393 in
1076 4339 1108 4394 V.
1129 4345 1145 4393 8
1165 4340 1245 4411 Lepil

102 4429 175 4482 stall
193 4427 272 4498 Goyit
286 4429 374 4496 ⁴steht,
393 4448 414 4482 s.
434 4429 535 4497 Opuso.
554 4427 593 4481 111
612 4446 637 4499 p.
659 4435 718 4483 114.
756 4429 785 4484 C.
804 4428 862 4499 W.]
