2962 5032
181 286 247 354 452
470 304 727 353 paoni-:aonam
751 304 797 351 na
820 303 1030 353 nnrronravs

181 448 245 513 huc
274 447 476 512 referendum
507 470 577 513 esse
609 470 683 513 mox
713 448 893 533 apparebit.
903 444 934 532 ¹⁸)
980 446 1105 511 Verum
1133 446 1297 512 minimein

182 556 357 620 eorundem
382 577 552 620 numerum
575 555 664 620 Trin.
688 579 715 619 v.
739 555 805 619 420
827 556 930 619 venit:

271 698 377 763 Minas
402 699 618 785 quadraginta
641 699 802 781 decepstia'
827 721 846 762 a
869 696 1013 782 Callicle,

182 862 254 905 cum
284 841 323 906 de
346 843 417 926 lege
441 842 624 926 usitataque
647 842 773 905 ratione
797 843 832 905 in
855 841 1057 925 paenultima
1081 844 1241 905 accentum
1258 840 1298 903 ha·

181 949 258 1013 beat
284 951 463 1031 aceepstiae:
496 971 578 1033 quae
608 971 668 1013 vox
697 971 770 1012 eum
798 949 893 1013 unius
923 948 1013 1032 pedis
1041 969 1222 1012 mensnram
1246 947 1299 1030 ipso

182 1055 306 1119 ambitu
335 1078 393 1119 suo
421 1056 566 1138 excedat,
598 1056 633 1119 in
656 1077 750 1120 versu
778 1077 843 1120 non
868 1059 976 1138 potest
997 1077 1064 1119 non
1088 1053 1242 1138 duplicem
1264 1072 1299 1114 ac·

181 1167 310 1226 centum
333 1162 499 1244 decepste'nc
521 1162 663 1245 recipere
686 1166 723 1225 ut
743 1161 865 1226 similia
883 1158 1058 1246 omnia.**)
1091 1159 1221 1225 Etenim
1239 1156 1300 1243 quod

182 1269 279 1352 longe
302 1269 510 1333 notissimum
534 1271 593 1353 est,
616 1269 752 1332 elisione
776 1273 942 1352 tamquam
968 1268 1155 1332 decurtatae
1177 1266 1241 1330 h.e.
1257 1284 1302 1327 una

69 1397 174 1438 cexvn
185 1374 314 1458 syllaba
335 1374 499 1439 breviores
523 1374 626 1438 lactas
650 1397 744 1439 voees
769 1374 932 1439 retrahere
957 1379 1126 1438 accentum
1149 1374 1181 1440 h.
1197 1396 1228 1440 e.
1250 1392 1303 1435 eun

181 1485 350 1546 accentum
369 1482 510 1565 recipere
530 1482 595 1567 qui,
619 1482 646 1545 si
666 1482 793 1546 brevior
812 1482 918 1545 forma
936 1481 1103 1565 primitiva
1122 1484 1216 1562 esset,
1239 1482 1306 1543 esset

181 1588 358 1672 legitimus:
383 1586 415 1651 id
438 1588 592 1673 quoniam
616 1588 707 1653 video
731 1589 888 1673 quosdam
912 1589 951 1652 de
970 1588 1162 1652 necessitate
1186 1586 1308 1672 quadan

183 1695 411 1779 interpretatos
436 1717 515 1777 esse,
537 1718 577 1759 ne
601 1695 661 1760 hoc
686 1695 815 1780 quidem
839 1695 1106 1778 praetermittam,
1130 1694 1187 1758 sed
1206 1699 1313 1758 utram·

182 1800 264 1864 libet
286 1801 446 1867 rationem
470 1802 575 1867 dicam
598 1808 713 1887 poetas
737 1802 898 1866 arbitratu
922 1823 981 1865 suo
1001 1805 1128 1865 secutos
1149 1823 1235 1866 esse:
1258 1800 1315 1885 qui-

182 1907 242 1971 bus
266 1907 359 1972 licuit
381 1913 456 1975 ante
480 1910 624 1974 vocalem
648 1909 697 1973 vel
721 1907 861 1990 caepisti
878 1908 933 1973 hoc
952 1909 1002 1972 vel
1022 1909 1165 1989 occepisti
1182 1907 1239 1972 hoc
1256 1929 1318 1988 pro

183 2015 345 2099 nuntiare,
374 2016 423 2080 vel
447 2016 631 2080 adulescenti
652 2015 709 2079 lma
734 2015 781 2078 vel
805 2016 1023 2080 adulescentem
1046 2014 1155 2091 aridio,
1179 2013 1232 2077 vel
1255 2017 1319 2078 scri·

183 2120 312 2184 bendom
339 2121 461 2204 dppalil
489 2123 540 2185 vel
564 2123 755 2187 emehardum
778 2121 944 2204 appellere,
977 2125 1009 2185 et
1033 2121 1184 2185 similiter
1209 2121 1323 2185 omnia

183 2226 276 2292 Vnde
300 2229 506 2313 consequitur
530 2232 580 2311 ut,
603 2230 757 2314 quamdiu
781 2230 925 2294 vocalem
948 2229 1142 2312 praecedens
1165 2227 1327 2307 scribom,

183 2335 233 2399 vel
259 2335 372 2400 ‹idaeu-
400 2334 528 2420 (duceni
549 2337 677 2418 oa'quom
704 2335 792 2402 Trin.
816 2335 873 2420 97)
898 2344 969 2402 ‘non
993 2343 1092 2402 eruat
1114 2335 1251 2419 spondei
1275 2357 1328 2399 na·

183 2446 300 2525 turam,
323 2463 363 2505 ne
387 2442 444 2505 illa
467 2441 596 2526 quidem
620 2442 785 2506 tralaticia
808 2443 930 2507 concede
952 2443 1019 2521 laria,
1041 2444 1141 2508 se'code
1163 2442 1223 2506 lario
1247 2445 1328 2505 recte

290 2654 315 2722 *)
335 2652 388 2706 Vix
407 2655 501 2707 tamen
519 2653 573 2706 hnc
592 2651 768 2706 referendum
787 2651 862 2705 Trin.
883 2658 947 2706 527:

397 2758 555 2814 Consuadet
573 2759 693 2826 homini,
714 2759 804 2815 credo.
838 2763 888 2812 etsi
906 2760 1039 2813 scelestus
1058 2763 1115 2812 est:

184 2870 232 2923 ubi
252 2887 306 2922 non
326 2867 415 2935 magis
434 2869 484 2920 etsi
497 2865 613 2920 offendit
627 2883 711 2933 quarn
727 2869 798 2931 etsi,
816 2868 980 2935 praesertim
995 2869 1059 2936 post
1073 2868 1327 2936 interpunctionem

185 2959 271 3011 illam.
310 2956 401 3010 Aliam
422 2956 458 3009 ob
477 2973 604 3009 caussam
622 2953 688 3008 hinc
708 2954 830 3009 alienum
849 2956 924 3010 Trin.
946 2964 1008 3011 163:

399 3061 471 3126 Quid
490 3062 542 3114 tibi
561 3077 614 3130 ego
633 3061 738 3129 dicam,
758 3063 807 3130 qui
825 3065 904 3117 illios
922 3064 1102 3133 sapientiam:

186 3186 250 3222 narn
274 3169 330 3222 iam
351 3168 449 3222 Plauto
475 3186 524 3237 pro
544 3168 646 3222 cretico
666 3170 743 3222 illios
762 3188 824 3223 cum
844 3169 981 3224 similibus
1000 3170 1137 3240 genetivis
1158 3171 1244 3225 luisse
1263 3172 1327 3226 olim

186 3257 391 3330 demonstrato.
431 3256 483 3327 [cf.
509 3257 609 3325 Opusc.
634 3257 702 3326 phil.
727 3258 750 3310 ll
776 3272 803 3327 p:
824 3265 889 3328 686,
917 3260 966 3313 ubi
993 3261 1122 3328 exposita
1150 3277 1328 3329 nequaquam

187 3346 351 3415 labefactari
370 3344 498 3399 Muelleri
517 3345 553 3399 de
572 3363 642 3415 pros.
663 3365 689 3415 p.
710 3353 830 3415 341sqq.
855 3347 1045 3417 disputatione
1065 3349 1100 3401 ad
1121 3348 1213 3403 Trin.²
1233 3368 1257 3402 v.
1280 3354 1327 3402 163

186 3436 333 3490 annotavit
351 3434 541 3503 Ritschelius.]

155 3536 156 3540 ’
275 3527 316 3594 **)
336 3527 376 3581 De
395 3526 448 3579 hoe
467 3525 587 3578 maxime
607 3525 677 3580 miro
697 3526 800 3580 iudicio
819 3527 859 3579 sic
878 3529 1029 3596 praecepit,
1048 3528 1096 3594 qui
1116 3529 1216 3579 auctor
1230 3525 1329 3580 doetri-

188 3634 239 3670 nae
259 3615 439 3685 prosodiacae
458 3613 605 3668 Plautinae
625 3615 687 3668 vult
704 3615 815 3668 haberi:
837 3615 905 3667 ‘Vix
925 3615 1022 3668 credas
1042 3615 1097 3668 dici
1112 3617 1141 3669 et
1155 3615 1328 3683 pronuntiari

187 3704 436 3757 erucisibililcititae
464 3704 641 3772 indilipe‘nler
668 3706 894 3771 eappcirasilritur
922 3705 1104 3772 irrle‘llepe'nliu.
1132 3706 1329 3772 interpellatio:

187 3811 237 3862 pro
257 3792 357 3861 quibua
377 3792 504 3846 omuibus
523 3791 580 3846 alia
598 3792 789 3861 pronuntiatio
804 3793 954 3861 requiritur
968 3809 1002 3846 ex
1017 3793 1139 3862 pedestri
1154 3799 1184 3847 et
1198 3793 1328 3847 familiari

187 3882 319 3952 loquendi
339 3881 552 3950 consuetudine,
579 3884 827 3936 craeciaoiziae'titae
846 3884 1020 3951 indilipc'ntcr
1039 3885 1269 3951 supparaeitcitur
1288 3886 1328 3934 iu·

187 3973 338 4042 tellepe'ntio
363 3972 564 4040 interpellatio)
603 3971 686 4025 Cuius
712 3971 797 4025 verba
822 3988 886 4024 mea
911 3970 995 4025 secio:
1029 3970 1074 4024 vix
1100 3970 1196 4024 credas
1222 3969 1278 4024 dici
1304 3972 1330 4024 et

188 4060 362 4129 pronuntiari
385 4059 456 4115 talia
480 4059 612 4128 potuisse.
655 4059 739 4124 Quasi
763 4077 817 4112 non
841 4059 968 4129 singulae
992 4077 1074 4114 voces
1099 4078 1184 4113 unum
1209 4058 1331 4112 habeant

188 4149 369 4219 principalem
395 4150 554 4214 accentum,
583 4162 598 4200 e
622 4165 677 4215 quo
701 4148 786 4201 ceteri
810 4148 966 4202 secundarii
991 4148 1144 4217 pendeant,
1172 4165 1284 4216 quoque
1303 4148 1329 4200 in

189 4237 313 4290 versibus
341 4241 450 4293 servato
480 4236 598 4290 satisfiat
629 4237 820 4290 consuetudini
852 4237 973 4307 linguae.
1013 4239 1153 4308 [Ceterum
1182 4239 1330 4305 accepcine

190 4329 280 4381 lorma
310 4328 364 4396 ipsi
392 4325 547 4381 Bitschelio
575 4329 633 4378 tam
662 4327 792 4395 suspecta
819 4328 918 4395 postea
946 4329 1018 4392 erat,
1041 4328 1072 4377 ut
1096 4343 1158 4379 earn
1183 4328 1255 4381 tueri
1277 4342 1329 4380 non

188 4414 324 4484 auderet]
