2962 5032
474 335 740 384 auannsrmnrs
763 294 970 382 aniversae.
1228 317 1292 382 379

146 482 208 567 qui
236 502 302 547 non
330 478 445 546 dubito
473 479 552 565 quin
581 480 615 544 in
642 478 815 544 iambicam
844 499 994 544 scaenam
1018 477 1128 561 aliquo
1151 500 1228 543 casu
1251 477 1293 543 ir·

146 588 290 675 repserit
311 610 351 653 ex
373 585 539 652 trochaica
562 585 608 670 ΙΙ,
632 587 662 670 2,
685 587 741 651 ubi
764 608 857 651 suam
880 586 944 651 sibi
969 585 1076 651 sedem
1099 589 1175 670 post
1198 607 1226 650 r.
1249 583 1293 649 65

148 695 303 760 vindicat
330 692 406 760 Non
425 697 476 759 est
494 698 602 759 autem
620 693 726 780 magis
745 694 873 780 mirum,
896 694 1051 759 vitiosum
1069 697 1163 772 tetro,
1187 714 1293 777 quam,

149 801 237 890 quod
259 823 325 867 non
349 822 418 866 esse
442 800 595 866 vitiosum
614 801 764 887 vidimus,
783 804 967 887 correptum
984 803 1073 879 inter,
1097 822 1195 885 saepe
1214 798 1293 864 solis

148 911 203 976 vel
225 908 369 975 librariis
392 907 443 973 vel
467 907 644 974 editoribus
664 908 785 993 deberi,
806 930 872 973 non
890 912 1014 993 poetae.
1044 905 1294 992 Amphitruonis

148 1016 210 1101 IV,
232 1017 263 1101 3,
288 1018 304 1081 1
330 1014 608 1102 simplicissimum
632 1017 776 1083 omnium
799 1015 899 1081 fuerit
920 1016 982 1081 c'sto
1003 1013 1192 1081 inseruisse:

240 1157 308 1223 vos
332 1158 398 1224 ista
419 1158 585 1225 internos
609 1159 744 1243 partite:
776 1181 838 1245 ego
862 1159 957 1242 abeo,
980 1159 1061 1223 mihi
1084 1156 1294 1242 negotiumst

148 1301 243 1368 Nihil
266 1301 439 1387 quicquam
462 1301 632 1367 molestiae
655 1299 859 1367 Cistellariae
883 1301 908 1386 Ι,
934 1303 961 1386 1,
985 1301 1029 1367 53
1053 1303 1151 1383 creat,
1173 1303 1294 1364 temere

149 1412 298 1475 tentatus
322 1431 343 1474 a
365 1408 501 1475 Bothio:

239 1549 399 1635 Equidem
421 1550 530 1616 hercle
553 1550 669 1615 addam
684 1572 820 1636 operam
840 1551 961 1617 sedulo.
985 1550 1041 1617 sed
1059 1525 1137 1636 <inid
1155 1554 1191 1616 tu
1210 1551 1296 1616 inter

1003 1658 1104 1724 istaec
1127 1658 1242 1723 uerba:

148 1787 211 1831 nec
233 1766 307 1850 plus
331 1766 520 1832 offensionis
544 1764 644 1832 habet
665 1766 764 1832 Poen.
786 1766 812 1849 I,
835 1767 866 1851 2,
890 1766 946 1832 53:

150 1973 157 1984 ,
239 1906 381 1973 'Itirbast
407 1930 492 1973 nuno
521 1909 606 1992 apud
634 1910 739 1975 ciram:
773 1931 814 1974 an
841 1907 903 1974 tibi
930 1908 979 1974 uis
1008 1905 1094 1974 inter
1115 1908 1197 1973 istas
1221 1928 1295 1973 uor-

1002 2016 1117 2081 serior:

151 2121 271 2208 quibua
309 2122 455 2188 versibus
493 2120 625 2187 fuerunt
661 2122 717 2207 qui
755 2122 835 2187 satis
871 2122 980 2207 inepte
1017 2122 1058 2187 ed
1093 2121 1295 2207 probandam

149 2234 233 2295 reor
255 2251 438 2296 mensuram
462 2232 637 2313 uterentur,
660 2229 802 2313 ineptius
826 2229 924 2293 etiam
947 2228 981 2292 in
1005 2227 1161 2316 auxilium
1180 2230 1295 2292 vocato

152 2335 246 2422 Capt
268 2335 328 2423 111,
350 2336 381 2422 5,
406 2336 462 2402 19:

240 2477 330 2545 Inter
352 2480 411 2545 ude
433 2477 689 2566 permutauietis.
735 2478 853 2544 Fateor
877 2478 997 2562 6mnia,

151 2621 209 2688 ubi
225 2624 429 2706 permutastie
450 2644 492 2688 ne
515 2624 634 2707 egebat
656 2622 793 2707 quidem,
817 2644 915 2708 quam
936 2622 1045 2705 habet,
1069 2619 1198 2688 Veteris
1222 2642 1296 2686 auo-

152 2729 298 2796 toritate.
342 2726 406 2796 Sed
428 2729 556 2815 Epidioi
578 2729 667 2816 11‚2,
681 2729 724 2796 55
748 2729 796 2794 sic
818 2728 1016 2808 scribendus,
1039 2751 1077 2794 ex
1100 2732 1193 2812 parte
1217 2727 1296 2791 duee

152 2836 387 2903 Ambrosiano:

240 2971 332 3046 Ddae
350 2981 398 3046 sio
419 2984 496 3065 post
514 3000 565 3044 me
582 2978 725 3044 fibulam
749 2979 835 3044 inter
857 3001 906 3044 se:
930 2998 989 3060 ego
1014 2975 1159 3044 abseessi
1175 2977 1297 3061 uolens,

151 3144 220 3188 non
243 3124 324 3188 inter
346 3142 417 3189 sese.
457 3120 572 3186 Militis
594 3120 636 3205 ΙΙ,
651 3122 681 3206 2,
696 3122 739 3187 70
761 3121 940 3188 deliramnt
962 3122 1018 3206 qui
1041 3121 1080 3186 de
1101 3120 1296 3186 intirclede'to

154 3230 352 3317 cogitarunt.
388 3227 580 3294 Mercatoris
604 3226 663 3311 ΙΙΙ,
688 3231 716 3311 1,
739 3229 782 3293 38
806 3229 867 3294 etsi
889 3250 947 3313 per
970 3250 1004 3293 se
1029 3229 1098 3294 sine
1122 3228 1297 3293 offensione

152 3341 204 3403 est
227 3335 312 3423 quod
336 3334 454 3401 editur:
1036 3377 1038 3381 .

240 3479 286 3545 Et
303 3479 392 3544 inter
414 3498 474 3542 nos
499 3477 750 3561 coniurauimus,
774 3497 834 3563 ego
858 3482 931 3542 oiim
954 3476 1011 3542 illo
1035 3481 1068 3542 et
1087 3477 1142 3542 ille
1162 3478 1297 3560 mecum,

150 3627 275 3707 tamen,
307 3622 335 3686 ei
367 3620 627 3706 transponendos
655 3642 726 3684 esse
757 3641 869 3684 versus
897 3624 983 3685 recte
1012 3619 1095 3685 vidit
1117 3617 1403 3702 Acidalius,oxxxr

151 3751 282 3795 neeesse
312 3732 363 3794 est
392 3727 500 3793 exulet
527 3728 568 3793 ab
591 3726 687 3792 initio
710 3727 763 3791 Et.
808 3725 961 3791 Pseuduli
986 3726 1011 3810 Ι,
1034 3728 1065 3812 5,
1090 3727 1152 3792 129
1170 3748 1216 3811 sq.
1239 3726 1295 3811 qui

151 3836 341 3922 vulgantur:

242 3977 277 4045 Si
300 3981 412 4044 erimus
436 3978 595 4063 compecti
619 3981 676 4043 sed
700 3978 870 4044 consilium
896 4000 1049 4063 umquam
1072 3975 1206 4042 iniimus

240 4083 289 4149 De
309 4084 399 4150 istae
426 4107 460 4149 re
488 4090 544 4150 aut
573 4085 601 4149 si
629 4085 668 4149 de
696 4107 734 4149 ea
757 4107 791 4149 re
815 4107 967 4170 umquam
991 4085 1159 4149 internos
1183 4105 1298 4148 conue-

1003 4213 1127 4256 nimus:

152 4355 263 4398 eorum
288 4333 425 4400 alterum
449 4335 658 4401 manifestum
683 4338 733 4399 eat
755 4356 772 4398 e
797 4335 893 4400 meris
917 4333 1213 4419 interpretamentis
1237 4333 1295 4398 mi·

153 4440 287 4506 serrime
311 4445 479 4508 consutum
502 4463 586 4507 esse:
609 4464 686 4506 nam
709 4445 742 4506 et
760 4442 887 4507 numeri
905 4440 1112 4526 refragantur
1132 4444 1165 4506 et
1183 4440 1296 4526 lingua
