2926 5040
420 351 683 401 susunrrrorns
708 351 920 401 rnavrrurn.
1178 335 1241 401 467

149 516 228 563 douo.
253 494 375 563 Contra
396 497 532 563 nimiam
555 497 808 586 vehementiam,
831 500 935 584 qualis
959 499 1165 582 anapaestico
1188 521 1245 563 nu·

149 623 206 666 nero
225 605 325 688 aptior
346 609 448 688 esset,
480 605 551 669 visa
573 608 650 670 sunt
671 606 735 671 duo
759 607 967 689 anapaestica
989 605 1108 671 habere
1130 606 1246 670 iambi·

148 731 194 773 cun
208 711 437 794 praecedentia:
450 711 545 797 ‘quod
570 712 840 798 quemadmodum
864 715 897 778 in
921 714 1057 778 senariis
1079 735 1247 797 perrarum

148 816 230 902 stlat
249 817 316 883 Mil.
340 818 366 896 l,
392 823 420 904 1,
442 819 511 904 31),
534 819 581 883 ita
605 821 702 884 semel
728 820 906 884 admissum
930 824 982 883 est
1004 821 1038 884 in
1062 820 1245 904 septenario

147 920 202 988 lb'n
222 925 281 990 918
308 925 433 1007 qudado
460 928 574 1008 manet
598 928 729 991 manilii
754 925 879 1013 mihist)
931 925 993 992 (lui
1020 949 1086 992 non
1114 948 1246 1010 prorsus

147 1051 184 1113 pa
202 1037 240 1097 est
265 1056 293 1098 v.
317 1034 381 1099 847
410 1033 466 1098 dol
486 1033 605 1098 lioraim¹
631 1036 745 1099 miseri
770 1035 852 1100 anolo
879 1035 971 1118 [mali
998 1032 1134 1116 Trin.²]:
1168 1055 1245 1098 nam

146 1135 292 1226 ubicunque
319 1141 560 1224 anapaesticam
589 1122 697 1206 brevis
727 1163 788 1206 vor
817 1142 1046 1226 monosyllaba
1072 1140 1246 1226 praecedit,

147 1240 207 1309 teile
227 1248 361 1313 sentitur
388 1252 554 1332 tamquam
578 1249 612 1313 in
636 1270 732 1312 unam
761 1250 985 1333 paeonicam
1009 1250 1122 1314 ambas
1151 1270 1245 1313 voces
1266 1270 1403 1312 ccxxxrv

147 1351 278 1418 coalescere
300 1355 555 1438 pronuntiando:
583 1355 747 1438 paeonicis
776 1361 885 1421 autem
913 1354 1042 1439 (utpote
1070 1356 1246 1440 dactylica·

147 1476 191 1522 run
203 1462 350 1528 rationem
370 1461 600 1548 aequantibus)
620 1462 647 1525 si
666 1462 833 1547 legitimus
852 1463 915 1528 fuit
937 1464 970 1526 in
990 1463 1095 1547 prima
1118 1464 1246 1548 syllaba

148 1570 265 1651 mutus,
291 1569 361 1634 fieri
384 1592 450 1634 non
473 1570 582 1653 potuit
604 1570 682 1653 quin
705 1591 778 1634 eum
804 1570 920 1634 ultima
943 1592 1070 1654 quoque
1094 1570 1128 1634 in
1151 1593 1245 1634 versu

148 1673 265 1758 reciperet.
310 1676 381 1753 Qua
408 1677 657 1743 ratiocinatione
685 1677 860 1741 identidem
888 1682 1016 1742 utemur
1043 1677 1141 1762 infra,
1173 1699 1246 1742 cum

148 1774 190 1841 eila
202 1782 237 1845 rei
253 1782 301 1873 riq
320 1784 354 1848 in
373 1783 453 1867 ipsis
477 1784 670 1867 septenariis
694 1784 793 1848 latius
818 1780 994 1871 pateat.**)
1040 1783 1087 1847 Vt
1109 1805 1176 1849 non
1199 1783 1246 1848 di-

148 1902 206 1949 rena
220 1888 344 1953 illorum
372 1889 428 1954 dat
452 1889 572 1954 bonoim
593 1891 703 1955 albero
725 1892 806 1955 mole
834 1891 919 1955 ratio
944 1891 987 1955 sit
1010 1895 1106 1974 atquc
1129 1890 1245 1955 horum

148 1987 274 2061 lrllaocb.
299 1998 349 2061 15.
373 1996 448 2062 446.
471 1996 533 2062 521
561 1997 627 2078 [46.
650 1998 724 2062 478.
748 1999 845 2080 553];
877 2000 1050 2064 re'numere'l
1073 1998 1173 2079 faciit
1200 1999 1246 2062 lc-

147 2094 200 2184 bs,
221 2104 374 2168 medim'm
401 2104 501 2169 tenerit
527 2106 647 2186 sedem,
678 2105 855 2170 beneuolens
882 2107 1065 2189 ciuitati,
1097 2125 1179 2190 quae
1207 2125 1246 2169 eo

146 2204 215 2273 ninus
233 2210 416 2276 offensionis
439 2211 570 2295 babent,
594 2210 679 2295 quod
702 2232 740 2296 eo
765 2213 799 2276 in
818 2212 899 2296 loco,
922 2216 959 2276 ut
981 2213 1016 2276 in
1040 2212 1175 2277 senariis
1199 2211 1246 2275 di·

146 2309 221 2399 ximus,
239 2317 392 2403 paeonica
413 2321 546 2382 netum
570 2318 700 2403 quidem
723 2319 829 2391 vitata
853 2324 937 2402 sunt,
961 2342 1033 2383 cnm
1062 2320 1103 2383 ab
1134 2322 1245 2402 oxyto·

146 2415 241 2488 'iinon
262 2423 474 2508 excipiuntur,
497 2430 534 2489 ut
556 2425 707 2508 ccipitsbris
729 2426 956 2510 qwrssciutcbus,
980 2425 1174 2491 Ordcisalum
1197 2445 1245 2487 nac
1343 2506 1345 2511 .

146 2526 321 2613 476777175777),
348 2531 489 2614 dr'pitalis
511 2532 702 2614 priouirzbus
730 2533 846 2598 Bacch.
870 2534 944 2613 273.
968 2533 1043 2597 330.
1066 2532 1131 2596 638
1157 2531 1245 2612 [305.

146 2625 191 2696 362.
208 2638 284 2720 6757
305 2674 346 2684 -
372 2636 435 2702 Sed
460 2638 709 2722 spondiacam
733 2662 844 2703 vocem
866 2662 906 2704 ne
930 2644 1005 2704 ante
1028 2638 1109 2703 duas
1133 2642 1244 2722 oryto·

145 2751 181 2800 ns
197 2745 308 2826 quidem
332 2745 571 2809 trochaicorum
591 2746 753 2831 elegantia
772 2747 933 2830 probavit,
956 2768 1015 2810 nec
1033 2747 1121 2810 illius
1141 2767 1244 2809 exem·

146 2839 179 2919 llt
197 2846 244 2914 hae
270 2852 365 2935 duae,
395 2852 429 2916 in
459 2854 576 2935 quibus
603 2876 689 2917 nunc
717 2854 894 2919 subsistere
928 2854 1081 2937 solemus,
1114 2853 1245 2918 fabulae

146 2941 268 3022 Plautinae
291 2960 449 3042 praebent
472 2966 601 3043 praeter
625 2960 688 3024 duo
713 2965 875 3045 corrupta.
911 2960 996 3026 Nam
1017 2960 1110 3025 illum
1129 2984 1157 3024 v.
1179 2960 1244 3024 329

146 3056 226 3127 edium
249 3067 334 3130 denne
360 3068 464 3130 aowin
490 3069 621 3132 oreilmst
647 3073 747 3151 tuone,
775 3069 808 3130 in
838 3090 933 3151 quem
962 3068 1026 3132 iam
1055 3067 1106 3131 bis
1130 3067 1245 3131 incidit

147 3168 225 3254 lulio,
247 3194 330 3237 nunc
359 3174 456 3238 tertio
481 3180 673 3258 argumento
697 3174 897 3259 intellegitur
919 3175 1137 3239 reiectaneum
1162 3198 1245 3239 esse:

147 3261 195 3337 laec
207 3285 302 3344 aulem
322 3304 350 3345 v.
365 3282 430 3346 883
450 3275 537 3345 telum
551 3283 691 3362 prirndm
709 3282 845 3345 merrrord
863 3282 941 3346 mibi
959 3283 1120 3366 triplicem
1140 3288 1244 3347 trans·

148 3379 292 3452 britonem
320 3389 490 3452 admittere
519 3389 687 3453 annotatio
716 3395 829 3454 nostra
856 3390 959 3454 docet.
1010 3389 1115 3453 Multo
1144 3389 1246 3472 igitur

150 3482 218 3554 abus
240 3517 293 3578 pro
322 3496 464 3579 spondeo
497 3517 567 3561 esse
598 3496 688 3560 illum
717 3519 744 3559 v.
768 3494 906 3582 957***)
931 3500 1053 3580 potest,
1084 3494 1139 3556 ubi
1168 3517 1244 3578 oxy-

149 3586 199 3655 lona
218 3619 273 3665 non
301 3607 493 3687 sequuntur:
521 3605 550 3667 ct
575 3624 627 3685 epo
654 3604 744 3667 illcim
771 3624 890 3667 nossem
913 3602 1059 3684 cipprrobe:
1089 3600 1139 3664 vel
1164 3599 1243 3664 adeo

150 3685 275 3781 llllddo'
297 3710 373 3772 dare
399 3710 563 3789 adeledam
587 3732 615 3773 v.
640 3710 713 3774 898.
760 3708 808 3772 De
833 3707 1014 3772 iambicis
1038 3711 1146 3770 autem
1171 3728 1244 3769 eum

153 3838 311 3870 N-

176 4003 181 4014 ο
208 3931 227 3994 *l
242 3935 278 3989 td
291 3936 535 4007 anapaesticorum
555 3937 768 3992 similitudinem
787 3936 912 4007 proxime
931 3936 1065 3990 accedens
1084 3933 1242 4003 exemplum

153 3998 251 4074 bulla:
268 4027 336 4093 quo'd
352 4044 440 4080 meum
459 4030 511 4080 erit
528 4028 559 4081 id
573 4031 623 4080 erit
638 4033 715 4081 tuum
733 4025 949 4096 transpositione
968 4022 1145 4091 removimus,
1164 4022 1242 4077 ouius

153 4105 189 4162 “l-
202 4103 249 4163 Xll
264 4117 330 4170 ratio
349 4115 483 4170 reddetur
502 4117 540 4184 [p.
562 4115 636 4186 490]¹

197 4186 228 4258 ”l
242 4197 327 4270 laque
351 4203 404 4257 ear
428 4203 499 4256 nisu
518 4202 637 4272 impedit
655 4202 802 4271 quominus
821 4202 896 4259 rsa.
915 4220 940 4256 v.
961 4209 1012 4257 arr
1032 4202 1158 4257 dicamus
1176 4215 1240 4255 ana-

154 4276 237 4366 l‘sl'fill
252 4288 420 4360 iambicoque
439 4292 575 4346 vocabulo
595 4291 675 4360 finiri,
694 4294 789 4346 tamen
808 4291 911 4346 rectius
930 4291 1016 4345 etiam
1035 4291 1109 4345 exire
1128 4289 1156 4343 in
1176 4305 1240 4359 pae-

154 4365 226 4420 ⁰l¹⁰l¹¹1
242 4389 293 4431 cum
310 4379 431 4434 iambico
451 4379 587 4434 dicemus:
607 4381 726 4434 homines
744 4382 793 4435 obi
811 4382 933 4435 habitent
948 4386 1036 4449 paler.

186 4443 228 4520 ⁸³³)
243 4459 286 4530 [cf.
303 4471 394 4524 aanor.
416 4470 458 4524 er.
478 4469 540 4540 ani

975 4560 1029 4613 30⁸
