2926 5040
148 309 214 373 424
437 323 700 374 rnoaueousna
725 323 772 371 uu
794 322 1008 372 aaaroumvs

238 467 313 534 Sine
336 467 424 533 ultro
447 467 568 551 ueniat,
592 467 762 551 quaeritet,
785 464 947 549 desideret,
972 468 1157 550 exspectet.

147 610 288 676 Rursum
316 609 367 675 his
397 609 552 694 exemplis
580 609 693 691 fretus,
722 608 875 694 quoniam
908 630 967 692 par
993 607 1081 674 ratio
1114 609 1207 674 inter
1235 610 1310 694 leges

149 719 222 800 leget
245 722 341 802 atque
364 718 450 782 inter
471 719 525 782 des
551 718 601 781 det
622 714 807 799 intercedit,
834 737 900 780 nou
928 714 1044 781 dubito
1073 716 1182 781 etiam
1206 719 1311 782 audit

151 825 306 898 creticum
330 824 438 909 potius
462 824 546 888 tueri
570 824 604 886 in
628 821 744 887 Bacch.
767 820 824 906 IV,
848 822 877 905 8,
902 823 958 887 70:

239 965 340 1062 Satin’
365 969 425 1050 est,
449 968 477 1031 si
500 966 593 1049 plura
617 988 655 1030 ex
679 987 729 1029 me
753 964 863 1030 audiet
885 964 983 1030 hodie'
1006 966 1108 1048 mala,

151 1135 248 1197 quam
271 1109 472 1175 tribrachum
497 1112 649 1193 quartum
672 1108 803 1191 pedem,
831 1109 974 1173 iambum
1003 1112 1119 1174 autem
1150 1132 1212 1194 pro
1237 1133 1311 1176 ana-

150 1222 263 1304 paesto
288 1217 436 1301 quintum
455 1216 672 1300 interpretari.
694 1251 734 1260 -
755 1214 816 1279 His
836 1220 944 1279 autem
963 1213 1194 1281 fundamentis
1215 1217 1309 1283 iactis

150 1324 252 1390 audeo
282 1321 432 1408 progredi
462 1321 592 1408 longius
621 1326 654 1385 et
682 1321 767 1385 ultra
798 1320 993 1387 coniunctivi
1017 1322 1149 1388 formas
1173 1324 1310 1391 investi·
1350 1308 1352 1315 ¹

150 1436 246 1515 gatae
275 1429 411 1494 rationis
441 1430 519 1493 fines
547 1449 751 1512 promovere:
780 1449 975 1513 quamquam
1002 1429 1115 1495 fateor
1143 1453 1215 1496 non
1242 1432 1309 1497 sinc
1349 1452 1352 1499 :

152 1537 325 1602 timiditate
349 1557 399 1599 me
424 1533 550 1618 audere,
574 1539 607 1598 et
630 1534 750 1598 rationi
775 1535 1054 1618 obtemperantem
1079 1539 1193 1624 magis
1214 1561 1309 1624 quam

152 1643 403 1728 morigerantem
432 1641 548 1705 sensui.
595 1639 680 1705 Nam
708 1663 772 1725 quo
803 1639 974 1705 affinitatis
1003 1640 1141 1708 vinculo
1169 1645 1253 1712 uelis
1279 1650 1310 1711 er

150 1750 237 1831 stelit,
264 1750 308 1813 sis
336 1752 370 1812 et
398 1749 452 1831 sit,
479 1749 531 1813 des
559 1751 592 1811 et
618 1748 680 1825 det,
708 1769 772 1831 quo
802 1748 883 1830 tepus
906 1748 1044 1830 leparaas
1065 1753 1102 1813 et
1127 1751 1221 1836 legat,
1248 1775 1309 1837 quo
1350 1780 1352 1785 ·

153 1857 289 1937 loquaris
317 1857 461 1937 loquatur
489 1859 521 1918 et
550 1855 673 1936 loqrror,
702 1853 813 1917 eodem
842 1853 1000 1918 contineri
1028 1875 1124 1921 omas
1153 1862 1189 1923 et
1217 1866 1309 1943 amur,
1350 1836 1352 1849 ι

153 1983 255 2027 resones
279 1966 312 2025 et
334 1966 442 2039 recurret,
465 1962 556 2025 aredis
580 1965 612 2024 et
634 1961 723 2025 uadit
741 1958 977 2025 concedendum
998 1965 1056 2026 est
1092 1960 1205 2049 igitur
1224 1966 1307 2050 quod
1348 1980 1352 1997 ¹

7 2094 137 2133 :uxxxrv
153 2069 186 2133 iu
216 2068 282 2132 illis
310 2068 447 2151 factum,
475 2067 514 2132 ad
543 2067 603 2132 hos
632 2088 759 2151 quoque
789 2066 981 2132 indicativus
1010 2068 1216 2151 pertinuisse
1242 2078 1306 2139 tam
1350 2050 1352 2055 Ι

152 2182 201 2242 est
225 2180 490 2258 consentaneum,
519 2196 617 2259 quam
644 2174 764 2239 rationi
794 2194 977 2259 repugnans
1005 2174 1211 2258 productum
1239 2181 1308 2263 lapis

151 2284 203 2348 vel
235 2285 312 2367 legit.
359 2283 467 2366 Atque
498 2284 576 2347 uate
606 2303 676 2345 esse
706 2281 764 2345 illa
795 2282 906 2346 omnia
936 2281 1047 2366 aliqua
1078 2286 1307 2353 contractione

151 2390 299 2455 binarum
327 2390 486 2455 vocalium
516 2392 658 2471 constat,
685 2410 711 2452 e.
739 2410 765 2452 c.
792 2399 880 2452 aracos
908 2409 947 2452 ex
973 2388 1120 2472 amri-te,
1154 2399 1246 2457 amat
1270 2414 1307 2459 ex

150 2498 289 2578 anat-tt,
318 2507 424 2559 αηιᾱνε
454 2516 492 2558 ex
523 2494 681 2559 amri-ire:
713 2493 796 2558 nihil
826 2497 933 2559 autem
962 2499 1174 2563 contractum
1204 2501 1307 2566 estin

152 2604 263 2686 lep-ts,
293 2603 404 2684 lep-t-t,
433 2602 545 2683 lep-ire.
591 2601 680 2685 Ergo
711 2621 775 2665 non
808 2600 918 2685 aliqua
946 2601 1082 2667 licentia
1113 2606 1307 2689 productam

152 2714 202 2774 est
231 2711 299 2791 scit,
334 2710 360 2773 si
396 2713 446 2772 est
479 2708 685 2792 productum,
720 2706 775 2771 sed
812 2706 997 2791 prosodiam
1029 2730 1046 2773 e
1078 2715 1308 2781 contractione
1350 2722 1352 2727 '

152 2817 385 2881 consectarium
410 2816 563 2880 servavit:
591 2817 628 2896 fit
650 2819 772 2897 autem,
801 2815 885 2898 quod
910 2838 929 2877 a
950 2815 1002 2895 fio
1026 2813 1110 2901 (non
1132 2820 1205 2904 tio)
1225 2821 1306 2886 duci·

153 2928 213 3005 tur,
238 2944 277 2986 ne
300 2923 408 3006 potuil-
431 2922 559 3005 quidem
588 2921 677 2984 brevi
703 2921 805 2985 vocali
827 2921 874 3000 lit
897 2919 973 3005 dici,
1001 2926 1038 2986 ut
1061 2924 1148 2990 nihil
1175 2950 1306 3012 prorsus

156 3029 319 3113 singulare
344 3029 386 3091 sit
410 3029 443 3091 in
467 3027 559 3111 Capt.
584 3028 663 3110 prol.
688 3051 714 3090 v.
739 3028 794 3091 25:

242 3168 287 3231 Vt
308 3170 350 3249 fa
373 3171 405 3234 in
429 3170 524 3251 bello,
548 3170 673 3253 cripitur
697 3170 778 3233 alter
801 3169 903 3233 filius.

153 3310 215 3374 Sed
244 3315 280 3373 ut
306 3313 375 3395 scit,
404 3311 450 3374 ita
477 3312 656 3395 posteriore
685 3314 791 3374 aetate
820 3311 937 3394 corripi
963 3313 1098 3378 solitum
1126 3319 1151 3380 it
1176 3320 1308 3407 longam

154 3417 316 3502 syllabam
340 3417 440 3482 habet
462 3416 554 3482 Curc.
578 3417 635 3500 Ν,
659 3420 689 3501 2,
712 3419 747 3482 3:

241 3561 345 3625 Nemo
371 3565 394 3624 it
418 3561 550 3625 infitias,
597 3544 752 3627 letamen
778 3560 1035 3626 meliusculumst
1058 3570 1214 3635 monere:
1289 3614 1294 3624 ·

154 3703 327 3788 eademque
351 3705 475 3768 ratione
499 3705 573 3768 solet
596 3708 628 3766 et
652 3703 731 3766 lubet
754 3708 785 3767 et
808 3703 942 3784 afflictat
964 3702 1063 3770 Mero.
1085 3705 1146 3792 Ill,
1168 3715 1201 3796 4,
1221 3716 1309 3797 63&

152 3811 208 3896 IV,
231 3812 260 3893 2,
285 3812 313 3874 5.
338 3810 419 3873 itud.
446 3810 483 3892 V,
507 3813 537 3893 2,
560 3807 618 3896 461:

243 3952 307 4017 Cur
339 3954 422 4017 istuc
456 3954 586 4036 coeptas
615 3952 809 4016 eonsilium?
856 3952 939 4030 Quia
968 3956 1056 4021 enim
1088 3982 1142 4025 rue
1174 3963 1311 4029 afflictat

900 4083 1002 4127 amor.

243 4167 327 4231 Solet
349 4168 498 4232 hortator
522 4167 660 4250 remiges
686 4167 853 4231 horterier.

242 4358 267 4427 ³¹¹)
289 4360 361 4430 [Quo
386 4361 447 4414 loco
467 4358 636 4413 Ritschclius
656 4358 749 4413 addit:
777 4359 861 4412 ‘cave
888 4359 1106 4421 Lachmaunum
1127 4370 1157 4423 in
1178 4370 1257 4426 Luor.
1277 4371 1308 4435 V,

155 4453 206 4500 396
227 4448 376 4515 sequare’]
