<?xml version="1.0" encoding="UTF-8"?>
<!DOCTYPE html PUBLIC "-//W3C//DTD XHTML 1.0 Transitional//EN"
    "http://www.w3.org/TR/xhtml1/DTD/xhtml1-transitional.dtd">
<html xmlns="http://www.w3.org/1999/xhtml" xml:lang="en" lang="en">
 <head>
  <title>
</title>
<meta http-equiv="Content-Type" content="text/html;charset=utf-8" />
  <meta name='ocr-system' content='tesseract 3.04.00' />
  <meta name='ocr-capabilities' content='ocr_page ocr_carea ocr_par ocr_line ocrx_word'/>
</head>
<body>
  <div class='ocr_page' id='page_1' title='image "./fridericiritsch02wachgoog_0394.png"; bbox 0 0 2962 5032; ppageno 0'>
   <div class='ocr_carea' id='block_1_1' title="bbox 478 296 1297 363">
    <p class='ocr_par' dir='ltr' id='par_1_1' title="bbox 478 296 1297 363">
     <span class='ocr_line' id='line_1_1' title="bbox 478 296 1297 363; baseline -0.002 0"><span class='ocrx_word' id='word_1_1' title='bbox 478 314 743 363; x_wconf 73' lang='lat' dir='ltr'>uuuunfflosrs</span> <span class='ocrx_word' id='word_1_2' title='bbox 767 314 973 363; x_wconf 74' lang='lat' dir='ltr'>PLAVTINAE.</span> <span class='ocrx_word' id='word_1_3' title='bbox 1232 296 1297 361; x_wconf 80' lang='lat'>375</span> 
     </span>
    </p>
   </div>
   <div class='ocr_carea' id='block_1_2' title="bbox 142 450 1298 761">
    <p class='ocr_par' dir='ltr' id='par_1_2' title="bbox 142 450 1298 761">
     <span class='ocr_line' id='line_1_2' title="bbox 142 450 1298 547; baseline -0.006 -20"><span class='ocrx_word' id='word_1_4' title='bbox 142 463 230 528; x_wconf 64' lang='lat' dir='ltr'>erasti</span> <span class='ocrx_word' id='word_1_5' title='bbox 250 461 325 547; x_wconf 91' lang='lat' dir='ltr'>plus</span> <span class='ocrx_word' id='word_1_6' title='bbox 349 460 527 526; x_wconf 84' lang='lat' dir='ltr'>valiturum</span> <span class='ocrx_word' id='word_1_7' title='bbox 550 459 595 525; x_wconf 87' lang='lat' dir='ltr'>sit</span> <span class='ocrx_word' id='word_1_8' title='bbox 617 450 715 543; x_wconf 86' lang='lat' dir='ltr'>quam</span> <span class='ocrx_word' id='word_1_9' title='bbox 738 461 929 543; x_wconf 85' lang='lat' dir='ltr'>correptum,</span> <span class='ocrx_word' id='word_1_10' title='bbox 953 458 980 522; x_wconf 89' lang='lat' dir='ltr'>si</span> <span class='ocrx_word' id='word_1_11' title='bbox 1004 457 1052 523; x_wconf 90' lang='lat' dir='ltr'>dis</span> <span class='ocrx_word' id='word_1_12' title='bbox 1076 457 1192 541; x_wconf 84' lang='lat' dir='ltr'>placet,</span> <span class='ocrx_word' id='word_1_13' title='bbox 1215 457 1298 522; x_wconf 63' lang='lat' dir='ltr'>deidei</span> 
     </span>
     <span class='ocr_line' id='line_1_3' title="bbox 142 562 1297 655; baseline -0.006 -20"><span class='ocrx_word' id='word_1_14' title='bbox 142 567 362 655; x_wconf 69' lang='lat' dir='ltr'>quadruplata</span> <span class='ocrx_word' id='word_1_15' title='bbox 385 567 447 648; x_wconf 86' lang='lat' dir='ltr'>[sie</span> <span class='ocrx_word' id='word_1_16' title='bbox 469 566 503 631; x_wconf 90' lang='lat' dir='ltr'>in</span> <span class='ocrx_word' id='word_1_17' title='bbox 526 565 613 648; x_wconf 89' lang='lat' dir='ltr'>edit]</span> <span class='ocrx_word' id='word_1_18' title='bbox 637 563 856 630; x_wconf 90' lang='lat' dir='ltr'>Mostellariae</span> <span class='ocrx_word' id='word_1_19' title='bbox 879 562 988 648; x_wconf 89' lang='lat' dir='ltr'>III,1,</span> <span class='ocrx_word' id='word_1_20' title='bbox 1012 564 1085 649; x_wconf 88' lang='lat'><strong>115,</strong></span> <span class='ocrx_word' id='word_1_21' title='bbox 1107 565 1162 649; x_wconf 91' lang='lat' dir='ltr'>qui</span> <span class='ocrx_word' id='word_1_22' title='bbox 1186 586 1297 631; x_wconf 85' lang='lat' dir='ltr'>versus</span> 
     </span>
     <span class='ocr_line' id='line_1_4' title="bbox 145 673 446 761; baseline -0.007 -21"><span class='ocrx_word' id='word_1_23' title='bbox 145 675 198 741; x_wconf 84' lang='lat' dir='ltr'>siu</span> <span class='ocrx_word' id='word_1_24' title='bbox 222 673 446 761; x_wconf 80' lang='lat' dir='ltr'>corrigendus:</span> 
     </span>
    </p>
   </div>
   <div class='ocr_carea' id='block_1_3' title="bbox 311 813 1154 901">
    <p class='ocr_par' dir='ltr' id='par_1_3' title="bbox 311 813 1154 901">
     <span class='ocr_line' id='line_1_5' title="bbox 311 813 1154 901; baseline -0.007 -17"><span class='ocrx_word' id='word_1_25' title='bbox 311 815 374 884; x_wconf 82' lang='lat' dir='ltr'>Sed</span> <span class='ocrx_word' id='word_1_26' title='bbox 397 817 551 883; x_wconf 77' lang='lat' dir='ltr'>irraboni</span> <span class='ocrx_word' id='word_1_27' title='bbox 573 816 633 882; x_wconf 86' lang='lat' dir='ltr'>hae</span> <span class='ocrx_word' id='word_1_28' title='bbox 657 818 750 881; x_wconf 75' lang='lat' dir='ltr'>mnis</span> <span class='ocrx_word' id='word_1_29' title='bbox 774 815 991 901; x_wconf 79' lang='lat' dir='ltr'>quadraginta</span> <span class='ocrx_word' id='word_1_30' title='bbox 1015 813 1112 879; x_wconf 91' lang='lat' dir='ltr'>dedit.</span> <span class='ocrx_word' id='word_1_31' title='bbox 1122 813 1154 900; x_wconf 76' lang='lat'>²⁸)</span> 
     </span>
    </p>
   </div>
   <div class='ocr_carea' id='block_1_4' title="bbox 146 957 1295 1153">
    <p class='ocr_par' dir='ltr' id='par_1_4' title="bbox 146 957 1295 1153">
     <span class='ocr_line' id='line_1_6' title="bbox 146 957 1295 1045; baseline -0.003 -20"><span class='ocrx_word' id='word_1_32' title='bbox 146 960 197 1026; x_wconf 82' lang='lat' dir='ltr'>Et</span> <span class='ocrx_word' id='word_1_33' title='bbox 221 964 257 1026; x_wconf 94' lang='lat' dir='ltr'>ut</span> <span class='ocrx_word' id='word_1_34' title='bbox 278 960 340 1026; x_wconf 84' lang='lat' dir='ltr'>bau</span> <span class='ocrx_word' id='word_1_35' title='bbox 363 960 608 1045; x_wconf 73' lang='lat' dir='ltr'>opportunitate</span> <span class='ocrx_word' id='word_1_36' title='bbox 632 958 731 1024; x_wconf 84' lang='lat' dir='ltr'>etiem</span> <span class='ocrx_word' id='word_1_37' title='bbox 756 958 795 1023; x_wconf 91' lang='lat' dir='ltr'>ad</span> <span class='ocrx_word' id='word_1_38' title='bbox 818 959 937 1023; x_wconf 79' lang='lat' dir='ltr'>dedisse</span> <span class='ocrx_word' id='word_1_39' title='bbox 959 957 1188 1023; x_wconf 88' lang='lat' dir='ltr'>removendum</span> <span class='ocrx_word' id='word_1_40' title='bbox 1212 959 1295 1040; x_wconf 84' lang='lat' dir='ltr'>uter,</span> 
     </span>
     <span class='ocr_line' id='line_1_7' title="bbox 148 1065 851 1153; baseline -0.006 -20"><span class='ocrx_word' id='word_1_41' title='bbox 148 1069 184 1133; x_wconf 92' lang='lat' dir='ltr'>in</span> <span class='ocrx_word' id='word_1_42' title='bbox 209 1067 461 1153; x_wconf 83' lang='lat' dir='ltr'>Amphitruonis</span> <span class='ocrx_word' id='word_1_43' title='bbox 485 1067 630 1133; x_wconf 85' lang='lat' dir='ltr'>versibus</span> <span class='ocrx_word' id='word_1_44' title='bbox 653 1065 695 1150; x_wconf 92' lang='lat' dir='ltr'>II,</span> <span class='ocrx_word' id='word_1_45' title='bbox 719 1066 747 1149; x_wconf 79' lang='lat'>2,</span> <span class='ocrx_word' id='word_1_46' title='bbox 775 1065 851 1130; x_wconf 79' lang='lat'>129:</span> 
     </span>
    </p>
   </div>
   <div class='ocr_carea' id='block_1_5' title="bbox 240 1196 1293 1403">
    <p class='ocr_par' dir='ltr' id='par_1_5' title="bbox 240 1196 1293 1403">
     <span class='ocr_line' id='line_1_8' title="bbox 241 1196 1293 1296; baseline -0.003 -20"><span class='ocrx_word' id='word_1_47' title='bbox 241 1196 393 1296; x_wconf 78' lang='lat' dir='ltr'>Obsecro,</span> <span class='ocrx_word' id='word_1_48' title='bbox 416 1211 556 1276; x_wconf 89' lang='lat' dir='ltr'>etiamne</span> <span class='ocrx_word' id='word_1_49' title='bbox 578 1210 640 1275; x_wconf 79' lang='lat' dir='ltr'>hoe</span> <span class='ocrx_word' id='word_1_50' title='bbox 663 1209 809 1296; x_wconf 84' lang='lat' dir='ltr'>negabis,</span> <span class='ocrx_word' id='word_1_51' title='bbox 832 1213 864 1273; x_wconf 93' lang='lat' dir='ltr'>te</span> <span class='ocrx_word' id='word_1_52' title='bbox 888 1212 1018 1273; x_wconf 76' lang='lat' dir='ltr'>auream</span> <span class='ocrx_word' id='word_1_53' title='bbox 1042 1210 1188 1293; x_wconf 78' lang='lat' dir='ltr'>pateram</span> <span class='ocrx_word' id='word_1_54' title='bbox 1213 1207 1293 1273; x_wconf 90' lang='lat' dir='ltr'>mihi</span> 
     </span>
     <span class='ocr_line' id='line_1_9' title="bbox 240 1313 1285 1403; baseline -0.004 -20"><span class='ocrx_word' id='word_1_55' title='bbox 240 1317 374 1385; x_wconf 75' lang='lat' dir='ltr'>Dedisse</span> <span class='ocrx_word' id='word_1_56' title='bbox 398 1317 483 1383; x_wconf 92' lang='lat' dir='ltr'>dono</span> <span class='ocrx_word' id='word_1_57' title='bbox 507 1316 614 1403; x_wconf 74' lang='lat' dir='ltr'>hodie,</span> <span class='ocrx_word' id='word_1_58' title='bbox 637 1340 701 1402; x_wconf 92' lang='lat' dir='ltr'>qua</span> <span class='ocrx_word' id='word_1_59' title='bbox 724 1320 756 1381; x_wconf 93' lang='lat' dir='ltr'>te</span> <span class='ocrx_word' id='word_1_60' title='bbox 780 1316 847 1382; x_wconf 86' lang='lat' dir='ltr'>illie</span> <span class='ocrx_word' id='word_1_61' title='bbox 871 1317 1027 1381; x_wconf 81' lang='lat' dir='ltr'>donatum</span> <span class='ocrx_word' id='word_1_62' title='bbox 1047 1336 1117 1380; x_wconf 87' lang='lat' dir='ltr'>esse</span> <span class='ocrx_word' id='word_1_63' title='bbox 1135 1313 1285 1380; x_wconf 81' lang='lat' dir='ltr'>dixeras?</span> 
     </span>
    </p>
   </div>
   <div class='ocr_carea' id='block_1_6' title="bbox 147 1432 1406 1742">
    <p class='ocr_par' dir='ltr' id='par_1_6' title="bbox 147 1432 1406 1742">
     <span class='ocr_line' id='line_1_10' title="bbox 150 1432 1406 1544; baseline -0.01 -16"><span class='ocrx_word' id='word_1_64' title='bbox 150 1462 192 1528; x_wconf 88' lang='lat' dir='ltr'>de</span> <span class='ocrx_word' id='word_1_65' title='bbox 215 1463 296 1528; x_wconf 85' lang='lat' dir='ltr'>vitio</span> <span class='ocrx_word' id='word_1_66' title='bbox 319 1436 449 1527; x_wconf 81' lang='lat' dir='ltr'>monere</span> <span class='ocrx_word' id='word_1_67' title='bbox 472 1432 523 1524; x_wconf 68' lang='lat' dir='ltr'>iel</span> <span class='ocrx_word' id='word_1_68' title='bbox 545 1460 608 1525; x_wconf 84' lang='lat' dir='ltr'>hou</span> <span class='ocrx_word' id='word_1_69' title='bbox 630 1462 741 1544; x_wconf 90' lang='lat' dir='ltr'>potest</span> <span class='ocrx_word' id='word_1_70' title='bbox 762 1458 861 1543; x_wconf 88' lang='lat' dir='ltr'>quod,</span> <span class='ocrx_word' id='word_1_71' title='bbox 894 1480 967 1524; x_wconf 86' lang='lat' dir='ltr'>oum</span> <span class='ocrx_word' id='word_1_72' title='bbox 990 1459 1069 1524; x_wconf 75' lang='lat' dir='ltr'>douo</span> <span class='ocrx_word' id='word_1_73' title='bbox 1091 1457 1179 1524; x_wconf 68' lang='lat' dir='ltr'>hadre</span> <span class='ocrx_word' id='word_1_74' title='bbox 1201 1458 1236 1522; x_wconf 90' lang='lat' dir='ltr'>in</span> <span class='ocrx_word' id='word_1_75' title='bbox 1258 1457 1293 1523; x_wconf 90' lang='lat' dir='ltr'><em>B</em></span> <span class='ocrx_word' id='word_1_76' title='bbox 1307 1476 1406 1539; x_wconf 87' lang='lat' dir='ltr'>cxxvr</span> 
     </span>
     <span class='ocr_line' id='line_1_11' title="bbox 147 1565 1294 1652; baseline -0.004 -17"><span class='ocrx_word' id='word_1_77' title='bbox 147 1569 202 1652; x_wconf 85' lang='lat' dir='ltr'>sit,</span> <span class='ocrx_word' id='word_1_78' title='bbox 224 1569 312 1635; x_wconf 80' lang='lat' dir='ltr'>bodie</span> <span class='ocrx_word' id='word_1_79' title='bbox 332 1570 412 1634; x_wconf 78' lang='lat' dir='ltr'>douo</span> <span class='ocrx_word' id='word_1_80' title='bbox 429 1566 465 1633; x_wconf 87' lang='lat' dir='ltr'><em>D</em></span> <span class='ocrx_word' id='word_1_81' title='bbox 482 1566 622 1651; x_wconf 87' lang='lat' dir='ltr'>exhibet,</span> <span class='ocrx_word' id='word_1_82' title='bbox 644 1566 927 1650; x_wconf 87' lang='lat' dir='ltr'>interpretamenti</span> <span class='ocrx_word' id='word_1_83' title='bbox 951 1565 1068 1631; x_wconf 84' lang='lat' dir='ltr'>indicio</span> <span class='ocrx_word' id='word_1_84' title='bbox 1091 1565 1145 1631; x_wconf 87' lang='lat' dir='ltr'>hie</span> <span class='ocrx_word' id='word_1_85' title='bbox 1167 1586 1294 1651; x_wconf 90' lang='lat' dir='ltr'>quoque</span> 
     </span>
     <span class='ocr_line' id='line_1_12' title="bbox 147 1675 726 1742; baseline -0.003 -2"><span class='ocrx_word' id='word_1_86' title='bbox 147 1675 332 1742; x_wconf 86' lang='lat' dir='ltr'>manifesto.</span> <span class='ocrx_word' id='word_1_87' title='bbox 377 1675 494 1741; x_wconf 81' lang='lat' dir='ltr'>Deleto</span> <span class='ocrx_word' id='word_1_88' title='bbox 512 1675 595 1740; x_wconf 79' lang='lat' dir='ltr'>&#39;dono</span> <span class='ocrx_word' id='word_1_89' title='bbox 620 1675 726 1740; x_wconf 80' lang='lat' dir='ltr'>scribe</span> 
     </span>
    </p>
   </div>
   <div class='ocr_carea' id='block_1_7' title="bbox 109 1801 1239 2009">
    <p class='ocr_par' dir='ltr' id='par_1_7' title="bbox 109 1801 1239 2009">
     <span class='ocr_line' id='line_1_13' title="bbox 109 1801 1239 1903; baseline -0.001 -21"><span class='ocrx_word' id='word_1_90' title='bbox 109 1861 116 1869; x_wconf 84' lang='lat'><strong>·</strong></span> <span class='ocrx_word' id='word_1_91' title='bbox 238 1801 389 1903; x_wconf 76' lang='lat' dir='ltr'>Obsecro,</span> <span class='ocrx_word' id='word_1_92' title='bbox 412 1817 553 1883; x_wconf 84' lang='lat' dir='ltr'>etiamne</span> <span class='ocrx_word' id='word_1_93' title='bbox 576 1816 639 1882; x_wconf 78' lang='lat' dir='ltr'>hoo</span> <span class='ocrx_word' id='word_1_94' title='bbox 660 1817 807 1903; x_wconf 85' lang='lat' dir='ltr'>negabis,</span> <span class='ocrx_word' id='word_1_95' title='bbox 831 1819 962 1882; x_wconf 80' lang='lat' dir='ltr'>auream</span> <span class='ocrx_word' id='word_1_96' title='bbox 986 1818 1134 1899; x_wconf 71' lang='lat' dir='ltr'>poterim</span> <span class='ocrx_word' id='word_1_97' title='bbox 1157 1815 1239 1881; x_wconf 88' lang='lat' dir='ltr'>mibi</span> 
     </span>
     <span class='ocr_line' id='line_1_14' title="bbox 228 1921 1221 2009; baseline -0.002 -21"><span class='ocrx_word' id='word_1_98' title='bbox 228 1923 285 1989; x_wconf 71' lang='grc' dir='ltr'>’Τό</span> <span class='ocrx_word' id='word_1_99' title='bbox 307 1922 433 1988; x_wconf 86' lang='lat' dir='ltr'>dedisse</span> <span class='ocrx_word' id='word_1_100' title='bbox 455 1924 562 2009; x_wconf 74' lang='lat' dir='ltr'>hodie,</span> <span class='ocrx_word' id='word_1_101' title='bbox 586 1931 704 2009; x_wconf 88' lang='lat' dir='ltr'>quate</span> <span class='ocrx_word' id='word_1_102' title='bbox 728 1924 775 1989; x_wconf 91' lang='lat' dir='ltr'>illi</span> <span class='ocrx_word' id='word_1_103' title='bbox 800 1924 956 1989; x_wconf 86' lang='lat' dir='ltr'>d6natum</span> <span class='ocrx_word' id='word_1_104' title='bbox 979 1946 1049 1989; x_wconf 91' lang='lat' dir='ltr'>esse</span> <span class='ocrx_word' id='word_1_105' title='bbox 1072 1921 1221 1989; x_wconf 82' lang='lat' dir='ltr'>dixeras?</span> 
     </span>
    </p>
   </div>
   <div class='ocr_carea' id='block_1_8' title="bbox 89 2067 1294 2795">
    <p class='ocr_par' dir='ltr' id='par_1_8' title="bbox 89 2067 1294 2795">
     <span class='ocr_line' id='line_1_15' title="bbox 148 2067 1294 2153; baseline -0.002 -19"><span class='ocrx_word' id='word_1_106' title='bbox 148 2068 214 2134; x_wconf 84' lang='lat' dir='ltr'>nisi</span> <span class='ocrx_word' id='word_1_107' title='bbox 242 2068 313 2153; x_wconf 90' lang='lat' dir='ltr'>quis</span> <span class='ocrx_word' id='word_1_108' title='bbox 341 2070 508 2152; x_wconf 87' lang='lat' dir='ltr'>praestare</span> <span class='ocrx_word' id='word_1_109' title='bbox 535 2067 654 2133; x_wconf 86' lang='lat' dir='ltr'>dixerit</span> <span class='ocrx_word' id='word_1_110' title='bbox 675 2067 780 2133; x_wconf 81' lang='lat' dir='ltr'>Ho&#39;die</span> <span class='ocrx_word' id='word_1_111' title='bbox 802 2071 829 2131; x_wconf 81' lang='lat' dir='ltr'>te</span> <span class='ocrx_word' id='word_1_112' title='bbox 851 2067 979 2146; x_wconf 78' lang='lat' dir='ltr'>dedisse,</span> <span class='ocrx_word' id='word_1_113' title='bbox 1006 2088 1068 2150; x_wconf 78' lang='lat' dir='ltr'>qao</span> <span class='ocrx_word' id='word_1_114' title='bbox 1090 2067 1140 2132; x_wconf 79' lang='lat' dir='ltr'>illi</span> <span class='ocrx_word' id='word_1_115' title='bbox 1163 2067 1241 2132; x_wconf 82' lang='lat' dir='ltr'>te&#39;d.</span> <span class='ocrx_word' id='word_1_116' title='bbox 1263 2067 1294 2139; x_wconf 84' lang='lat' dir='ltr'>d.</span> 
     </span>
     <span class='ocr_line' id='line_1_16' title="bbox 148 2173 1293 2259; baseline 0 -20"><span class='ocrx_word' id='word_1_117' title='bbox 148 2174 201 2240; x_wconf 84' lang='lat' dir='ltr'>Ad</span> <span class='ocrx_word' id='word_1_118' title='bbox 223 2175 334 2241; x_wconf 65' lang='lat' dir='ltr'>adea</span> <span class='ocrx_word' id='word_1_119' title='bbox 356 2179 393 2240; x_wconf 89' lang='lat' dir='ltr'>ut</span> <span class='ocrx_word' id='word_1_120' title='bbox 415 2175 555 2258; x_wconf 88' lang='lat' dir='ltr'>redeam,</span> <span class='ocrx_word' id='word_1_121' title='bbox 577 2174 640 2240; x_wconf 86' lang='lat' dir='ltr'>hoo</span> <span class='ocrx_word' id='word_1_122' title='bbox 663 2175 718 2259; x_wconf 92' lang='lat' dir='ltr'>qui</span> <span class='ocrx_word' id='word_1_123' title='bbox 742 2177 852 2239; x_wconf 88' lang='lat' dir='ltr'>tuetur</span> <span class='ocrx_word' id='word_1_124' title='bbox 870 2174 978 2239; x_wconf 89' lang='lat' dir='ltr'>media</span> <span class='ocrx_word' id='word_1_125' title='bbox 996 2177 1144 2259; x_wconf 78' lang='lat' dir='ltr'>correpta</span> <span class='ocrx_word' id='word_1_126' title='bbox 1164 2173 1293 2256; x_wconf 85' lang='lat' dir='ltr'>dietum,</span> 
     </span>
     <span class='ocr_line' id='line_1_17' title="bbox 150 2279 1292 2367; baseline -0.001 -20"><span class='ocrx_word' id='word_1_127' title='bbox 150 2304 304 2367; x_wconf 88' lang='lat' dir='ltr'>quaerere</span> <span class='ocrx_word' id='word_1_128' title='bbox 326 2282 403 2347; x_wconf 87' lang='lat' dir='ltr'>lieet</span> <span class='ocrx_word' id='word_1_129' title='bbox 426 2303 482 2347; x_wconf 89' lang='lat' dir='ltr'>our</span> <span class='ocrx_word' id='word_1_130' title='bbox 499 2302 566 2352; x_wconf 88' lang='lat' dir='ltr'>non</span> <span class='ocrx_word' id='word_1_131' title='bbox 585 2280 685 2346; x_wconf 87' lang='lat' dir='ltr'>etiam</span> <span class='ocrx_word' id='word_1_132' title='bbox 703 2282 861 2366; x_wconf 85' lang='lat' dir='ltr'>producta</span> <span class='ocrx_word' id='word_1_133' title='bbox 879 2281 984 2365; x_wconf 88' lang='lat' dir='ltr'>prima</span> <span class='ocrx_word' id='word_1_134' title='bbox 1003 2279 1130 2366; x_wconf 83' lang='lat' dir='ltr'>syllaba</span> <span class='ocrx_word' id='word_1_135' title='bbox 1148 2281 1292 2364; x_wconf 90' lang='lat' dir='ltr'>positum</span> 
     </span>
     <span class='ocr_line' id='line_1_18' title="bbox 149 2386 1292 2471; baseline 0 -17"><span class='ocrx_word' id='word_1_136' title='bbox 149 2412 221 2455; x_wconf 89' lang='lat' dir='ltr'>esse</span> <span class='ocrx_word' id='word_1_137' title='bbox 249 2388 343 2455; x_wconf 90' lang='lat' dir='ltr'>libris</span> <span class='ocrx_word' id='word_1_138' title='bbox 371 2388 481 2454; x_wconf 83' lang='lat' dir='ltr'>eredat</span> <span class='ocrx_word' id='word_1_139' title='bbox 502 2387 629 2454; x_wconf 81' lang='lat' dir='ltr'>Trucul.</span> <span class='ocrx_word' id='word_1_140' title='bbox 657 2386 703 2470; x_wconf 93' lang='lat' dir='ltr'>II,</span> <span class='ocrx_word' id='word_1_141' title='bbox 727 2388 761 2471; x_wconf 88' lang='lat'>6,</span> <span class='ocrx_word' id='word_1_142' title='bbox 785 2387 841 2452; x_wconf 87' lang='lat'>36:</span> <span class='ocrx_word' id='word_1_143' title='bbox 877 2387 1026 2470; x_wconf 71' lang='lat' dir='ltr'>oedpnom</span> <span class='ocrx_word' id='word_1_144' title='bbox 1048 2387 1160 2453; x_wconf 75' lang='lat' dir='ltr'>dedisti</span> <span class='ocrx_word' id='word_1_145' title='bbox 1180 2389 1292 2454; x_wconf 54' lang='lat' dir='ltr'>dots?</span> 
     </span>
     <span class='ocr_line' id='line_1_19' title="bbox 89 2480 1290 2579; baseline -0.002 -17"><span class='ocrx_word' id='word_1_146' title='bbox 89 2480 95 2491; x_wconf 50' lang='lat'>⁵</span> <span class='ocrx_word' id='word_1_147' title='bbox 146 2495 233 2562; x_wconf 88' lang='lat' dir='ltr'>Nam</span> <span class='ocrx_word' id='word_1_148' title='bbox 257 2496 409 2562; x_wconf 90' lang='lat' dir='ltr'>mutilum</span> <span class='ocrx_word' id='word_1_149' title='bbox 433 2496 473 2560; x_wconf 89' lang='lat' dir='ltr'>ab</span> <span class='ocrx_word' id='word_1_150' title='bbox 498 2495 592 2561; x_wconf 88' lang='lat' dir='ltr'>initio</span> <span class='ocrx_word' id='word_1_151' title='bbox 616 2517 685 2559; x_wconf 91' lang='lat' dir='ltr'>esse</span> <span class='ocrx_word' id='word_1_152' title='bbox 710 2492 912 2560; x_wconf 81' lang='lat' dir='ltr'>Cureulionis</span> <span class='ocrx_word' id='word_1_153' title='bbox 936 2493 977 2579; x_wconf 92' lang='lat' dir='ltr'>II,</span> <span class='ocrx_word' id='word_1_154' title='bbox 996 2495 1026 2578; x_wconf 87' lang='lat'>3,</span> <span class='ocrx_word' id='word_1_155' title='bbox 1046 2495 1087 2559; x_wconf 89' lang='lat'>66</span> <span class='ocrx_word' id='word_1_156' title='bbox 1110 2494 1183 2579; x_wconf 86' lang='lat' dir='ltr'>ipsa</span> <span class='ocrx_word' id='word_1_157' title='bbox 1206 2495 1290 2561; x_wconf 91' lang='lat' dir='ltr'>ratio</span> 
     </span>
     <span class='ocr_line' id='line_1_20' title="bbox 147 2601 1291 2688; baseline -0.003 -20"><span class='ocrx_word' id='word_1_158' title='bbox 147 2624 333 2668; x_wconf 87' lang='lat' dir='ltr'>sermonum</span> <span class='ocrx_word' id='word_1_159' title='bbox 361 2602 483 2688; x_wconf 87' lang='lat' dir='ltr'>arguit,</span> <span class='ocrx_word' id='word_1_160' title='bbox 515 2603 570 2686; x_wconf 92' lang='lat' dir='ltr'>qui</span> <span class='ocrx_word' id='word_1_161' title='bbox 601 2601 710 2667; x_wconf 92' lang='lat' dir='ltr'>addito</span> <span class='ocrx_word' id='word_1_162' title='bbox 740 2601 806 2666; x_wconf 85' lang='lat' dir='ltr'>sive</span> <span class='ocrx_word' id='word_1_163' title='bbox 836 2601 880 2665; x_wconf 65' lang='lat' dir='ltr'>ol·</span> <span class='ocrx_word' id='word_1_164' title='bbox 907 2601 974 2665; x_wconf 85' lang='lat' dir='ltr'>sive</span> <span class='ocrx_word' id='word_1_165' title='bbox 1001 2622 1053 2685; x_wconf 77' lang='lat' dir='ltr'>epo</span> <span class='ocrx_word' id='word_1_166' title='bbox 1078 2601 1124 2666; x_wconf 86' lang='lat' dir='ltr'>sie</span> <span class='ocrx_word' id='word_1_167' title='bbox 1148 2602 1234 2666; x_wconf 88' lang='lat' dir='ltr'>inter</span> <span class='ocrx_word' id='word_1_168' title='bbox 1256 2623 1291 2666; x_wconf 90' lang='lat' dir='ltr'>se</span> 
     </span>
     <span class='ocr_line' id='line_1_21' title="bbox 149 2707 479 2795; baseline 0.003 -23"><span class='ocrx_word' id='word_1_169' title='bbox 149 2707 367 2795; x_wconf 85' lang='lat' dir='ltr'>distinguendi</span> <span class='ocrx_word' id='word_1_170' title='bbox 389 2711 479 2774; x_wconf 86' lang='lat' dir='ltr'>suut:</span> 
     </span>
    </p>
   </div>
   <div class='ocr_carea' id='block_1_9' title="bbox 237 2813 1290 3040">
    <p class='ocr_par' dir='ltr' id='par_1_9' title="bbox 237 2813 1290 3040">
     <span class='ocr_line' id='line_1_22' title="bbox 237 2813 1290 2937; baseline 0 -22"><span class='ocrx_word' id='word_1_171' title='bbox 237 2834 287 2916; x_wconf 85' lang='lat' dir='ltr'>lbi</span> <span class='ocrx_word' id='word_1_172' title='bbox 307 2849 465 2917; x_wconf 73' lang='lat' dir='ltr'>‘dedistiu</span> <span class='ocrx_word' id='word_1_173' title='bbox 483 2855 519 2916; x_wconf 91' lang='lat' dir='ltr'>tu</span> <span class='ocrx_word' id='word_1_174' title='bbox 538 2850 748 2937; x_wconf 73' lang='lat' dir='ltr'>a&#39;rgentuml&#39;</span> <span class='ocrx_word' id='word_1_175' title='bbox 768 2813 910 2937; x_wconf 87' lang='lat' dir='ltr'>inquam.</span> <span class='ocrx_word' id='word_1_176' title='bbox 934 2834 1056 2916; x_wconf 71' lang='lat' dir='ltr'>‘lmmo</span> <span class='ocrx_word' id='word_1_177' title='bbox 1081 2851 1167 2936; x_wconf 91' lang='lat' dir='ltr'>apud</span> <span class='ocrx_word' id='word_1_178' title='bbox 1185 2853 1290 2935; x_wconf 89' lang='lat' dir='ltr'>trape-</span> 
     </span>
     <span class='ocr_line' id='line_1_23' title="bbox 945 2956 1280 3040; baseline 0.003 -18"><span class='ocrx_word' id='word_1_179' title='bbox 945 2958 1043 3023; x_wconf 74' lang='lat' dir='ltr'>zitdm</span> <span class='ocrx_word' id='word_1_180' title='bbox 1066 2956 1280 3040; x_wconf 83' lang='lat' dir='ltr'>situmst.’**)</span> 
     </span>
    </p>
   </div>
   <div class='ocr_carea' id='block_1_10' title="bbox 145 3099 1290 3276">
    <p class='ocr_par' dir='ltr' id='par_1_10' title="bbox 145 3099 1290 3276">
     <span class='ocr_line' id='line_1_24' title="bbox 145 3099 1290 3188; baseline -0.001 -20"><span class='ocrx_word' id='word_1_181' title='bbox 145 3102 279 3188; x_wconf 79' lang='lat' dir='ltr'>Ergone</span> <span class='ocrx_word' id='word_1_182' title='bbox 305 3123 405 3167; x_wconf 88' lang='lat' dir='ltr'>unum</span> <span class='ocrx_word' id='word_1_183' title='bbox 428 3101 555 3166; x_wconf 86' lang='lat' dir='ltr'>salvum</span> <span class='ocrx_word' id='word_1_184' title='bbox 583 3121 652 3165; x_wconf 89' lang='lat' dir='ltr'>esse</span> <span class='ocrx_word' id='word_1_185' title='bbox 676 3099 874 3166; x_wconf 84' lang='lat' dir='ltr'>Menaechm.</span> <span class='ocrx_word' id='word_1_186' title='bbox 897 3099 954 3184; x_wconf 87' lang='lat' dir='ltr'>IV,</span> <span class='ocrx_word' id='word_1_187' title='bbox 977 3101 1012 3186; x_wconf 91' lang='lat'>3,</span> <span class='ocrx_word' id='word_1_188' title='bbox 1038 3099 1078 3165; x_wconf 83' lang='lat'>15</span> <span class='ocrx_word' id='word_1_189' title='bbox 1106 3101 1290 3186; x_wconf 86' lang='lat' dir='ltr'>exemplum</span> 
     </span>
     <span class='ocr_line' id='line_1_25' title="bbox 146 3210 270 3276; baseline -0.008 -1"><span class='ocrx_word' id='word_1_190' title='bbox 146 3210 270 3276; x_wconf 83' lang='lat' dir='ltr'>eredes:</span> 
     </span>
    </p>
   </div>
   <div class='ocr_carea' id='block_1_11' title="bbox 235 3322 1206 3438">
    <p class='ocr_par' dir='ltr' id='par_1_11' title="bbox 235 3322 1206 3438">
     <span class='ocr_line' id='line_1_26' title="bbox 235 3322 1206 3438; baseline -0.002 -21"><span class='ocrx_word' id='word_1_191' title='bbox 235 3352 319 3418; x_wconf 78' lang='lat' dir='ltr'>rua</span> <span class='ocrx_word' id='word_1_192' title='bbox 341 3352 430 3418; x_wconf 71' lang='lat' dir='ltr'>uum</span> <span class='ocrx_word' id='word_1_193' title='bbox 454 3352 494 3418; x_wconf 76' lang='lat' dir='ltr'>aa</span> <span class='ocrx_word' id='word_1_194' title='bbox 517 3322 746 3436; x_wconf 73' lang='lat' dir='ltr'>me&#39;aausu,</span> <span class='ocrx_word' id='word_1_195' title='bbox 769 3350 887 3416; x_wconf 68' lang='lat' dir='ltr'>relisa</span> <span class='ocrx_word' id='word_1_196' title='bbox 911 3373 982 3416; x_wconf 73' lang='lat' dir='ltr'>am</span> <span class='ocrx_word' id='word_1_197' title='bbox 1006 3351 1090 3417; x_wconf 78' lang='lat' dir='ltr'>dono</span> <span class='ocrx_word' id='word_1_198' title='bbox 1115 3352 1206 3438; x_wconf 74' lang='lat' dir='ltr'>mihi,</span> 
     </span>
    </p>
   </div>
   <div class='ocr_carea' id='block_1_12' title="bbox 145 3451 1377 3687">
    <p class='ocr_par' dir='ltr' id='par_1_12' title="bbox 145 3451 1377 3687">
     <span class='ocr_line' id='line_1_27' title="bbox 145 3451 1377 3580; baseline -0.001 -20"><span class='ocrx_word' id='word_1_199' title='bbox 145 3517 280 3580; x_wconf 87' lang='lat' dir='ltr'>prorsus</span> <span class='ocrx_word' id='word_1_200' title='bbox 302 3493 383 3561; x_wconf 91' lang='lat' dir='ltr'>illud</span> <span class='ocrx_word' id='word_1_201' title='bbox 407 3495 591 3560; x_wconf 88' lang='lat' dir='ltr'>solitarium</span> <span class='ocrx_word' id='word_1_202' title='bbox 613 3495 648 3559; x_wconf 90' lang='lat' dir='ltr'>in</span> <span class='ocrx_word' id='word_1_203' title='bbox 671 3494 746 3578; x_wconf 88' lang='lat' dir='ltr'>plus</span> <span class='ocrx_word' id='word_1_204' title='bbox 769 3494 905 3579; x_wconf 88' lang='lat' dir='ltr'>triginta</span> <span class='ocrx_word' id='word_1_205' title='bbox 928 3493 1094 3578; x_wconf 86' lang='lat' dir='ltr'>legitimae</span> <span class='ocrx_word' id='word_1_206' title='bbox 1117 3494 1289 3579; x_wconf 89' lang='lat' dir='ltr'>prosodiae</span> <span class='ocrx_word' id='word_1_207' title='bbox 1372 3451 1377 3458; x_wconf 26' lang='grc' dir='ltr'>Ι</span> 
     </span>
     <span class='ocr_line' id='line_1_28' title="bbox 147 3599 1289 3687; baseline -0.001 -20"><span class='ocrx_word' id='word_1_208' title='bbox 147 3602 305 3687; x_wconf 87' lang='lat' dir='ltr'>exemplis</span> <span class='ocrx_word' id='word_1_209' title='bbox 328 3599 489 3666; x_wconf 84' lang='lat' dir='ltr'>Plautinis</span> <span class='ocrx_word' id='word_1_210' title='bbox 512 3600 795 3685; x_wconf 81' lang='lat' dir='ltr'>Terentianisque,</span> <span class='ocrx_word' id='word_1_211' title='bbox 828 3605 865 3666; x_wconf 91' lang='lat' dir='ltr'>ut</span> <span class='ocrx_word' id='word_1_212' title='bbox 888 3603 1013 3665; x_wconf 86' lang='lat' dir='ltr'>taceam</span> <span class='ocrx_word' id='word_1_213' title='bbox 1031 3602 1206 3684; x_wconf 66' lang='lat' dir='ltr'>perddtbstt</span> <span class='ocrx_word' id='word_1_214' title='bbox 1229 3621 1289 3666; x_wconf 83' lang='lat' dir='ltr'>ore·</span> 
     </span>
    </p>
   </div>
   <div class='ocr_carea' id='block_1_13' title="bbox 145 3706 1288 3898">
    <p class='ocr_par' dir='ltr' id='par_1_13' title="bbox 145 3706 1288 3898">
     <span class='ocr_line' id='line_1_29' title="bbox 145 3706 1288 3791; baseline -0.002 -17"><span class='ocrx_word' id='word_1_215' title='bbox 145 3709 255 3774; x_wconf 69' lang='lat' dir='ltr'>diderit</span> <span class='ocrx_word' id='word_1_216' title='bbox 281 3706 426 3774; x_wconf 79' lang='lat' dir='ltr'>formas?</span> <span class='ocrx_word' id='word_1_217' title='bbox 471 3707 525 3772; x_wconf 84' lang='lat' dir='ltr'>An</span> <span class='ocrx_word' id='word_1_218' title='bbox 551 3707 647 3774; x_wconf 93' lang='lat' dir='ltr'>nobis</span> <span class='ocrx_word' id='word_1_219' title='bbox 674 3707 783 3791; x_wconf 90' lang='lat' dir='ltr'>potius</span> <span class='ocrx_word' id='word_1_220' title='bbox 807 3706 929 3788; x_wconf 88' lang='lat' dir='ltr'>eredes,</span> <span class='ocrx_word' id='word_1_221' title='bbox 962 3710 1018 3771; x_wconf 89' lang='lat' dir='ltr'>aut</span> <span class='ocrx_word' id='word_1_222' title='bbox 1041 3707 1119 3771; x_wconf 67' lang='lat' dir='ltr'>dono</span> <span class='ocrx_word' id='word_1_223' title='bbox 1141 3707 1220 3772; x_wconf 76' lang='lat' dir='ltr'>miti</span> <span class='ocrx_word' id='word_1_224' title='bbox 1241 3708 1288 3772; x_wconf 82' lang='lat' dir='ltr'>de-</span> 
     </span>
     <span class='ocr_line' id='line_1_30' title="bbox 145 3813 1288 3898; baseline 0 -19"><span class='ocrx_word' id='word_1_225' title='bbox 145 3815 221 3880; x_wconf 67' lang='lat' dir='ltr'>desti</span> <span class='ocrx_word' id='word_1_226' title='bbox 237 3834 307 3878; x_wconf 82' lang='lat' dir='ltr'>eom</span> <span class='ocrx_word' id='word_1_227' title='bbox 323 3813 620 3898; x_wconf 87' lang='lat' dir='ltr'>transponentibus,</span> <span class='ocrx_word' id='word_1_228' title='bbox 645 3817 701 3877; x_wconf 90' lang='lat' dir='ltr'>aut</span> <span class='ocrx_word' id='word_1_229' title='bbox 719 3813 823 3877; x_wconf 89' lang='lat' dir='ltr'>lenius</span> <span class='ocrx_word' id='word_1_230' title='bbox 843 3813 942 3877; x_wconf 85' lang='lat' dir='ltr'>etiam</span> <span class='ocrx_word' id='word_1_231' title='bbox 961 3813 1008 3878; x_wconf 88' lang='lat' dir='ltr'>sio</span> <span class='ocrx_word' id='word_1_232' title='bbox 1028 3813 1288 3879; x_wconf 86' lang='lat' dir='ltr'>emendantibus:</span> 
     </span>
    </p>
   </div>
   <div class='ocr_carea' id='block_1_14' title="bbox 146 4039 1287 4204">
    <p class='ocr_par' dir='ltr' id='par_1_14' title="bbox 146 4039 1287 4204">
     <span class='ocr_line' id='line_1_31' title="bbox 253 4039 1287 4114; baseline 0 -17"><span class='ocrx_word' id='word_1_233' title='bbox 253 4047 279 4112; x_wconf 65' lang='lat'>⁸³)</span> <span class='ocrx_word' id='word_1_234' title='bbox 299 4043 353 4114; x_wconf 83' lang='lat' dir='ltr'>[Ex</span> <span class='ocrx_word' id='word_1_235' title='bbox 371 4041 542 4098; x_wconf 83' lang='lat' dir='ltr'>Addendis</span> <span class='ocrx_word' id='word_1_236' title='bbox 561 4061 587 4113; x_wconf 89' lang='lat' dir='ltr'>p.</span> <span class='ocrx_word' id='word_1_237' title='bbox 607 4056 735 4097; x_wconf 82' lang='lat' dir='ltr'>cccxxv:</span> <span class='ocrx_word' id='word_1_238' title='bbox 757 4041 845 4097; x_wconf 86' lang='lat' dir='ltr'>‘adde</span> <span class='ocrx_word' id='word_1_239' title='bbox 863 4039 1009 4097; x_wconf 69' lang='lat' dir='ltr'>boioariae</span> <span class='ocrx_word' id='word_1_240' title='bbox 1029 4041 1075 4108; x_wconf 85' lang='lat' dir='ltr'>IV,</span> <span class='ocrx_word' id='word_1_241' title='bbox 1097 4048 1119 4110; x_wconf 89' lang='lat'>1,</span> <span class='ocrx_word' id='word_1_242' title='bbox 1140 4048 1164 4112; x_wconf 81' lang='lat'>7,</span> <span class='ocrx_word' id='word_1_243' title='bbox 1184 4041 1213 4097; x_wconf 91' lang='lat' dir='ltr'>in</span> <span class='ocrx_word' id='word_1_244' title='bbox 1233 4059 1287 4111; x_wconf 91' lang='lat' dir='ltr'>quo</span> 
     </span>
     <span class='ocr_line' id='line_1_32' title="bbox 146 4132 678 4204; baseline -0.002 -18"><span class='ocrx_word' id='word_1_245' title='bbox 146 4132 232 4204; x_wconf 83' lang='lat' dir='ltr'>vulgo</span> <span class='ocrx_word' id='word_1_246' title='bbox 251 4133 325 4188; x_wconf 77' lang='lat' dir='ltr'>dedit</span> <span class='ocrx_word' id='word_1_247' title='bbox 343 4132 491 4203; x_wconf 87' lang='lat' dir='ltr'>corripitur</span> <span class='ocrx_word' id='word_1_248' title='bbox 509 4134 574 4186; x_wconf 89' lang='lat' dir='ltr'>ante</span> <span class='ocrx_word' id='word_1_249' title='bbox 593 4133 678 4186; x_wconf 68' lang='lat' dir='ltr'>dorio:</span> 
     </span>
    </p>
   </div>
   <div class='ocr_carea' id='block_1_15' title="bbox 377 4237 1033 4310">
    <p class='ocr_par' dir='ltr' id='par_1_15' title="bbox 377 4237 1033 4310">
     <span class='ocr_line' id='line_1_33' title="bbox 377 4237 1033 4310; baseline -0.003 -16"><span class='ocrx_word' id='word_1_250' title='bbox 377 4240 487 4294; x_wconf 26' lang='lat' dir='ltr'>*Lanae</span> <span class='ocrx_word' id='word_1_251' title='bbox 506 4237 607 4310; x_wconf 88' lang='lat' dir='ltr'>uiginti</span> <span class='ocrx_word' id='word_1_252' title='bbox 625 4239 705 4292; x_wconf 74' lang='lat' dir='ltr'>muts</span> <span class='ocrx_word' id='word_1_253' title='bbox 724 4238 796 4293; x_wconf 91' lang='lat' dir='ltr'>dono</span> <span class='ocrx_word' id='word_1_254' title='bbox 816 4240 925 4308; x_wconf 79' lang='lat' dir='ltr'>argenti</span> <span class='ocrx_word' id='word_1_255' title='bbox 944 4237 1033 4292; x_wconf 87' lang='lat' dir='ltr'>dedit:</span> 
     </span>
    </p>
   </div>
   <div class='ocr_carea' id='block_1_16' title="bbox 145 4345 1006 4508">
    <p class='ocr_par' dir='ltr' id='par_1_16' title="bbox 145 4345 1006 4508">
     <span class='ocr_line' id='line_1_34' title="bbox 145 4345 1006 4417; baseline -0.002 -17"><span class='ocrx_word' id='word_1_256' title='bbox 145 4345 185 4401; x_wconf 85' lang='lat' dir='ltr'>rio</span> <span class='ocrx_word' id='word_1_257' title='bbox 204 4346 278 4401; x_wconf 88' lang='lat' dir='ltr'>enim</span> <span class='ocrx_word' id='word_1_258' title='bbox 297 4346 381 4416; x_wconf 86' lang='lat' dir='ltr'>plane</span> <span class='ocrx_word' id='word_1_259' title='bbox 401 4363 457 4402; x_wconf 88' lang='lat' dir='ltr'>nou</span> <span class='ocrx_word' id='word_1_260' title='bbox 475 4345 573 4402; x_wconf 89' lang='lat' dir='ltr'>dubito</span> <span class='ocrx_word' id='word_1_261' title='bbox 592 4345 659 4415; x_wconf 87' lang='lat' dir='ltr'>quin</span> <span class='ocrx_word' id='word_1_262' title='bbox 676 4346 916 4414; x_wconf 88' lang='lat' dir='ltr'>transponendum</span> <span class='ocrx_word' id='word_1_263' title='bbox 936 4345 1006 4417; x_wconf 85' lang='lat' dir='ltr'>sit&#39;]</span> 
     </span>
     <span class='ocr_line' id='line_1_35' title="bbox 234 4434 742 4508; baseline -0.006 -17"><span class='ocrx_word' id='word_1_264' title='bbox 234 4434 277 4504; x_wconf 65' lang='lat' dir='ltr'>”l</span> <span class='ocrx_word' id='word_1_265' title='bbox 296 4434 351 4507; x_wconf 80' lang='lat' dir='ltr'>[ef.</span> <span class='ocrx_word' id='word_1_266' title='bbox 370 4436 471 4508; x_wconf 85' lang='lat' dir='ltr'>Opuso.</span> <span class='ocrx_word' id='word_1_267' title='bbox 489 4435 558 4506; x_wconf 91' lang='lat' dir='ltr'>phil.</span> <span class='ocrx_word' id='word_1_268' title='bbox 578 4434 604 4489; x_wconf 89' lang='lat' dir='ltr'>Il</span> <span class='ocrx_word' id='word_1_269' title='bbox 622 4453 649 4505; x_wconf 93' lang='lat' dir='ltr'>p.</span> <span class='ocrx_word' id='word_1_270' title='bbox 669 4434 742 4504; x_wconf 58' lang='grc' dir='ltr'>Μ]</span> 
     </span>
    </p>
   </div>
   <div class='ocr_carea' id='block_1_17' title="bbox 0 0 1488 5032">
    <p class='ocr_par' dir='ltr' id='par_1_17' title="bbox 0 0 1488 5032">
     <span class='ocr_line' id='line_1_36' title="bbox 0 0 1488 5032; baseline 0 0"><span class='ocrx_word' id='word_1_271' title='bbox 0 0 1488 5032; x_wconf 95' lang='lat' dir='ltr'> </span> 
     </span>
    </p>
   </div>
  </div>
 </body>
</html>
