2962 5032
161 234 203 298 72
474 250 556 298 verr
580 250 731 297 wsnnnn
754 250 816 298 111
840 249 984 299 uocans

619 389 712 445 Aliud.

323 480 410 546 Quem
430 479 525 534 movet
542 478 608 533 hino
627 478 712 548 risus,
729 480 825 533 movet
841 479 908 534 binc
926 478 975 548 pia
993 496 1060 534 cura
1077 478 1230 544 Minervae,

373 567 460 623 Murci
478 567 613 623 facundos
631 569 725 623 verset
742 569 772 622 in
791 584 838 623 ore
860 567 965 623 modos.

621 657 713 711 Aliud.

321 747 371 804 Cui
389 747 485 817 placet
503 746 627 801 Ausonio
645 746 743 801 ludens
763 747 909 802 comoedia
927 763 1017 815 socco,

373 836 426 891 Hic
445 835 542 891 volvat
560 835 660 903 libros,
678 835 778 891 Plauts
797 835 914 906 diserte,
933 839 1005 892 tuos.

620 924 713 980 Aliud.
785 994 787 998 Ι

321 1014 407 1069 Crede
426 1013 509 1083 mihi,
527 1013 667 1069 incassum
687 1014 827 1069 consumis
845 1016 986 1084 tempora,
1006 1014 1031 1069 si
1048 1030 1105 1070 non

375 1102 507 1157 Plautina
524 1101 637 1158 assiduo
657 1103 763 1173 scripta
781 1102 877 1158 labore
896 1102 974 1173 legis.

620 1190 714 1245 Aliud.

321 1282 457 1350 Tempore
476 1280 519 1334 vis
538 1280 647 1336 modico
667 1281 690 1335 si
708 1298 823 1337 noscere
841 1281 976 1352 plurima,
995 1280 1127 1336 Plautum

373 1370 416 1424 Ne
435 1386 526 1425 cesses
546 1369 638 1426 studio
658 1371 834 1426 consociasse
852 1373 910 1425 tuo.

622 1459 715 1515 Aliud.

322 1547 437 1602 Desine:
462 1547 542 1602 littus
562 1564 637 1616 aras,
657 1547 686 1599 ni
705 1545 781 1601 docti
799 1546 896 1601 fabula
914 1545 1010 1601 Plauti

374 1637 496 1693 Haereat
513 1636 543 1691 in
561 1637 690 1691 menibus
708 1638 791 1692 nocte
810 1636 911 1706 dieque
929 1636 995 1692 tuis.

666 1801 798 1810 ’.-

255 1911 280 1959 4.
308 1905 524 1976 Lobgedicht
541 1905 602 1960 anf
616 1904 760 1960 Plautus
779 1905 830 1959 als
850 1905 992 1960 Dichter
1010 1904 1213 1976 ilberbanpt

163 1996 231 2064 (Aua
247 1994 295 2049 ‘ld
314 1994 406 2049 Plauti
428 1996 511 2064 poete
526 1994 626 2049 comici
644 1993 674 2048 in
692 1994 769 2050 omni
787 1994 877 2048 latina
891 1994 1033 2065 elegantia
1046 1996 1170 2065 parentis
1183 2012 1218 2049 ac
1232 1995 1315 2065 prin·

166 2083 236 2153 cipis
256 2082 388 2138 Comedia
413 2083 516 2153 prima:
545 2083 588 2137 oui
607 2084 776 2155 Amphitryo
799 2101 901 2140 nomen
920 2085 956 2139 ab
975 2087 1088 2139 auctore
1107 2085 1166 2153 ipso
1185 2083 1315 2138 inditum

304 2173 356 2226 est’
378 2171 507 2243 Leipzig,
525 2171 626 2228 Melch.
647 2174 745 2229 Lotter
765 2180 842 2242 1511,
862 2174 912 2229 ani
929 2174 992 2228 dem
1010 2172 1170 2244 Titelblatt)

544 2297 626 2352 Vitns
645 2297 795 2353 Vnsrlcrus
814 2297 920 2353 lectori.

375 2404 426 2459 Vir
445 2403 622 2459 doctissimus
641 2406 824 2474 undecunque
843 2405 969 2474 Plautus,

375 2493 491 2548 Plautus
510 2494 627 2549 deliciae
646 2494 734 2549 Attici
753 2493 866 2565 leporis,

375 2583 492 2638 Plautus
511 2584 663 2640 Romuleae
684 2585 763 2654 lepos
783 2583 930 2652 Camenae,

375 2674 430 2728 Scu
448 2674 538 2728 multe
558 2691 639 2745 mage
659 2674 734 2743 quod
753 2673 832 2727 iuvat
850 2671 991 2742 capitque,

376 2764 492 2817 Plautus
511 2764 603 2817 mente
623 2764 721 2832 potens
741 2763 855 2832 deisque
873 2763 952 2816 iuxta

377 2852 490 2906 Cunctis
510 2854 594 2921 atque
614 2851 680 2906 viris
699 2851 778 2905 bonis
798 2851 943 2917 amandus,

377 2942 486 3009 Tersns,
504 2941 678 3011 praecipuus,
697 2941 800 3010 gravis,
819 2941 965 3010 rotundus,

378 3030 482 3097 Salsus,
501 3029 628 3100 frugifer,
648 3031 771 3099 elegans,
789 3030 918 3099 disertus,

377 3117 540 3187 Splendenu,
558 3119 745 3188 blanditiulus,
765 3120 957 3190 voluptuosus,

379 3208 521 3277 Comptus,
540 3208 696 3263 dulciculus
715 3209 942 3277 venustnlusqnc,

378 3297 504 3365 Subtilis,
523 3298 624 3363 varius,
643 3298 758 3366 facetus,
779 3298 881 3365 insons,

377 3387 531 3453 Facundus,
550 3385 655 3439 nitidus
674 3405 725 3442 noc
744 3387 907 3455 indecorus;

377 3476 493 3530 Plautus
512 3476 685 3531 Castalidum
705 3494 798 3533 comes
818 3493 942 3532 sororum

380 3564 497 3635 Scripsit
514 3565 667 3620 versiculos
687 3566 870 3621 scaturientes

378 3653 475 3708 Multis
494 3655 649 3722 sensiculie,
667 3673 719 3711 nec
737 3656 801 3711 inde
820 3657 917 3725 turpes

378 3744 409 3797 In
428 3759 458 3797 se
477 3743 615 3799 stulticiae
634 3744 814 3814 inepciusqnc

378 3832 465 3886 Nulla
483 3834 513 3887 et
530 3833 636 3888 rustica
654 3833 731 3888 dicta
749 3834 932 3901 continentes,

379 3920 433 3975 Sed
451 3921 544 3975 vorbis
564 3921 734 3988 (1111111111)
753 3921 849 3991 probis
869 3924 998 3978 sonantes

379 4012 415 4064 Et
433 4028 499 4066 cura
517 4011 597 4081 vigili
617 4012 803 4081 repumicatos

381 4098 473 4166 Cultu,
492 4099 647 4168 munditiis,
667 4101 824 4155 venustiore

381 4189 519 4243 contextu
538 4205 709 4257 numeroque
727 4189 882 4258 blandiore,

380 4276 535 4330 Mirandum
555 4278 676 4346 speciem
695 4276 778 4331 simul
797 4278 925 4335 ferentes.

381 4365 403 4419 Ο
422 4365 508 4421 foelix
526 4366 634 4421 iuvenis
653 4382 790 4434 senexque
810 4368 904 4435 foelix,
