2926 5040
412 346 678 395 sununsrrours
703 345 909 394 PLAvu'lrcAu.
1167 330 1233 394 475

34 488 174 553 nosim
220 494 415 574 persecutus
452 513 538 572 sum,
575 511 721 554 seorsum
754 488 895 573 proximi
927 495 1002 572 post
1035 490 1232 573 principium

38 594 158 679 pedis
189 597 417 680 oxytonosim.
449 595 569 686 Quodsi
594 597 760 681 utriusque
785 595 888 680 partis
914 595 1079 661 licentium
1103 606 1231 661 omnem

36 702 168 768 etiam
205 702 247 767 in
279 725 344 768 uno
375 703 550 788 eodemque
581 724 674 768 versu
706 703 912 768 coniunctum
939 724 1010 767 esse
1039 704 1232 787 complexio·

40 831 221 894 numque
255 808 319 874 hac
341 809 394 875 rie
420 810 621 874 noscentium
646 832 747 896 prope
770 810 893 874 nullum
919 831 989 874 esse
1013 809 1230 893 improbatum

40 915 197 999 dixer0,
223 916 344 982 miram
368 920 558 982 accentuum
582 917 784 1002 varietatem,
808 917 948 1002 quaein
972 917 1112 1002 quinque
1137 919 1232 1002 syllo-

40 1023 105 1088 bis
148 1023 285 1107 primis
313 1024 569 1107 septenariorum
597 1028 727 1108 regnat,
762 1047 800 1088 ex
828 1046 892 1089 uno
921 1022 1011 1088 fonte
1034 1023 1231 1091 derivavero.

41 1129 151 1196 Nam
184 1130 280 1215 quod
305 1130 384 1195 alibi
406 1153 471 1196 non
495 1131 648 1196 mediocri
669 1152 747 1195 curo
766 1152 836 1197 esse
856 1130 993 1195 vitatum
1014 1130 1152 1195 vidimus
1172 1154 1230 1198 nec

44 1236 122 1301 nisi
152 1237 268 1302 certis
292 1237 536 1304 condicionibus
560 1238 747 1321 admissum,
770 1241 807 1302 ut
831 1237 907 1303 bino
927 1260 961 1302 se
981 1237 1139 1303 vocabula
1158 1262 1231 1323 oxy·

46 1348 142 1409 tona
172 1344 377 1428 exciperent,
401 1345 432 1409 id
455 1344 524 1410 illic
543 1348 595 1409 tot
611 1343 679 1409 fere
698 1344 803 1409 modis
821 1344 945 1410 fuctum
964 1348 1023 1427 cst,
1046 1350 1126 1428 quot
1144 1346 1231 1410 modi

49 1456 142 1516 sunt
173 1451 436 1536 oopudandarum
464 1452 549 1517 inter
572 1473 606 1516 se
629 1451 805 1516 latinarum
829 1472 1082 1537 graecorumque
1106 1452 1230 1517 littero·

54 1581 140 1622 rum
170 1558 320 1642 illarum,
334 1560 459 1645 ¹quibus
478 1561 646 1645 utriusque
665 1559 769 1643 partis
789 1559 937 1643 singulos
956 1558 1080 1624 formas
1098 1559 1230 1642 podices

52 1664 294 1750 signavimus.
325 1665 400 1731 Nisi
419 1667 503 1751 quod
523 1668 639 1732 ceteris
662 1666 803 1731 rariores
827 1687 883 1731 ene
906 1666 1031 1730 formos
1055 1671 1131 1730 sunt
1149 1688 1230 1750 quae

53 1772 135 1837 sive
164 1773 283 1855 priore
308 1772 375 1839 sive
399 1775 578 1858 posteriorc
609 1774 681 1839 loco
705 1773 915 1857 spondiacum
938 1772 1063 1836 habent
1085 1771 1133 1858 (Β
1157 1774 1231 1837 eto

54 1902 140 1944 cum
170 1880 202 1945 0
223 1884 259 1943 et
280 1900 305 1963 c,
327 1882 423 1965 atque
448 1878 490 1967 β),
514 1879 794 1965 frequentissimae
818 1902 902 1963 quae
925 1879 1099 1945 iambicum
1125 1877 1170 1965 (A
1194 1886 1227 1945 et

56 2008 82 2051 a
106 1992 221 2071 atque
247 1986 292 2072 α).
323 1987 375 2052 Ab
394 2009 415 2052 α
433 1992 471 2052 ut
488 1986 651 2071 incipiam,
674 1987 733 2051 Αα
752 1986 852 2051 habes
867 1985 984 2051 Bacch.
997 1986 1081 2051 1109
1098 1988 1229 2067 [11480

163 2112 300 2195 iustos
323 2131 430 2196 truods
452 2151 512 2194 nos
536 2129 657 2194 erimus
723 2179 1131 2193 .......

61 2295 114 2337 ou
140 2272 241 2337 Trin.
265 2273 356 2338 1180.
385 2272 501 2337 Bacch.
520 2273 584 2337 348
610 2272 713 2352 [3801.
740 2269 809 2336 Mil.
829 2270 885 2354 IV,
905 2273 934 2354 8,
954 2273 1010 2336 23:

164 2398 195 2478 O
219 2417 323 2498 puter,
345 2417 440 2497 peter
463 2414 521 2498 mi,
545 2414 634 2480 salue
656 2464 1129 2477 ........

170 2518 304 2598 Quibus
326 2526 418 2587 turim
442 2524 567 2606 petre'm
591 2543 706 2606 meque
729 2543 794 2586 una
860 2572 1132 2584 .....

167 2627 267 2693 Nihil
291 2631 407 2714 squdm
432 2630 548 2694 mordr.
595 2627 683 2693 Cur?
706 2628 792 2693 Malo
860 2678 1131 2690 .....

67 2772 103 2837 B
110 2795 134 2837 α
160 2771 253 2836 Trin.
281 2773 376 2837 1082:
1230 2790 1342 2832 ccxiii*

168 2913 312 2999 Argenti
332 2913 428 2980 minis
452 2916 630 2981 numeratis
656 2964 1132 2977 ........

69 3058 116 3123 dn
143 3056 238 3120 Triru
263 3058 361 3122 1169:

169 3161 257 3240 Quid
280 3166 413 3248 quassis
437 3166 556 3249 cupiit?
593 3162 764 3227 Cruciatur
790 3215 1129 3228 ......

70 3331 113 3373 cu
140 3306 214 3371 Mil.
239 3305 296 3388 lv,
320 3308 349 3384 8,
372 3307 427 3370 67:

168 3431 221 3513 Ad
246 3451 372 3514 amore‘s
395 3451 484 3514 mods
508 3454 542 3514 et
565 3450 650 3513 scusi
722 3500 1130 3512 .......

70 3592 133 3659 Du
160 3590 254 3655 Trin.
281 3591 376 3656 1134:

166 3730 312 3816 Lisiteli
332 3733 460 3817 quidem
485 3733 647 3816 Philtonis
657 3783 1130 3797 ........

69 3882 118 3944 do
146 3877 240 3942 Trin.
265 3875 339 3939 363.
363 3875 437 3940 903.
463 3877 560 3940 1124:

163 4001 256 4067 Nrim
283 3999 415 4082 sapidus
438 3999 568 4084 quidem
593 4001 647 4084 pol
673 4001 742 4085 ipsc
791 4050 1131 4066 ......

163 4109 239 4185 Qus
264 4105 380 4171 faciist
401 4106 523 4171 homd?
567 4106 764 4192 Sesquipede
791 4158 1130 4171 ......

160 4216 239 4282 Hae
265 4213 376 4278 sonitui
400 4215 457 4277 suo
482 4216 605 4279 monim
629 4215 708 4279 mihi
725 4265 1130 4278 .......

64 4386 130 4449 quo
155 4382 259 4426 versu
285 4357 348 4420 etsi
373 4357 471 4421 tertia
498 4380 558 4422 vox
583 4363 727 4440 oxytonn
750 4358 909 4442 sequitur,
941 4362 1050 4421 tamen
1073 4356 1226 4440 quonism

63 4480 249 4552 utrumque
275 4484 336 4548 pro
361 4484 396 4527 sc
419 4468 505 4528 recto
528 4487 562 4528 se
586 4465 715 4549 habuit,
744 4470 776 4528 et
799 4465 875 4528 Hoc'
894 4465 996 4529 souitu
1019 4468 1052 4528 et
1075 4463 1141 4529 Suo*
1164 4485 1227 4527 rico·
