2962 5032
491 258 753 308 annuerimus
778 258 984 307 PLAVTINAE.
1244 241 1309 306 339

172 401 311 490 (qnando
339 403 379 468 de
407 402 564 484 κόλλαβο(
587 425 682 468 nemo
706 402 927 489 cogitaverit),
951 423 1147 488 quamquam
1169 423 1235 466 non
1258 422 1311 464 va·

170 531 241 575 cans
265 509 480 575 dubitatione.
525 508 572 573 Vt
598 532 664 575 non
692 510 801 593 inepte
824 509 886 574 hoc
910 509 1059 592 exemplo
1082 512 1190 574 totum
1213 506 1311 572 versi·

168 617 274 682 culum
297 616 471 681 vernacula
494 616 606 700 lingua
629 616 769 710 imiterer

325 755 466 811 Haltefeat
489 741 582 824 riar's,
607 754 922 826 Schwanzelsiegerich‚
947 755 1105 821 Krdmlein‚
1129 753 1311 824 Ringireund,

1019 843 1154 898 Greifeau.

166 970 328 1048 Quoniam
351 972 386 1037 in
408 972 594 1037 nominibus
617 973 758 1057 propriis
783 995 906 1056 versor,
935 974 1016 1038 libet
1043 972 1141 1037 etiam
1164 969 1312 1036 Callima·

163 1079 291 1165 ebam‘)
324 1084 358 1145 et
390 1078 566 1145 Cbarictem
599 1101 866 1163 commemorare,
899 1101 981 1164 quae
1008 1079 1141 1144 nomina
1167 1082 1205 1142 ut
1240 1076 1312 1141 aliis

164 1187 340 1251 usitatiora
362 1208 391 1250 v.
414 1184 489 1250 917.
513 1184 578 1249 922
601 1184 719 1250 invexi.

254 1292 384 1357 Addam
407 1291 460 1356 bis
483 1313 588 1376 pauca
610 1292 650 1356 ad
669 1292 775 1356 locum
794 1292 832 1356 de
852 1293 1089 1358 constructione
1108 1291 1312 1376 pertinentia.

166 1398 365 1465 Accusativo
388 1398 543 1482 iunctum,
566 1419 633 1462 non
655 1397 765 1463 dativo
779 1399 959 1481 ‘obrepere
980 1400 1130 1484 verbum,
1154 1422 1218 1484 qua
1240 1420 1313 1463 con·

167 1506 348 1572 structione
371 1506 406 1570 in
428 1507 565 1590 prologo
588 1504 724 1569 Poenuli
746 1527 776 1569 v.
788 1506 829 1569 14
853 1505 975 1570 dictum
999 1509 1125 1571 tacitam
1148 1513 1176 1571 te
1198 1507 1315 1588 obrepet
1327 1530 1454 1570 nxxxnr

165 1612 281 1693 fantes,
305 1612 542 1678 Ambrosianus
565 1611 730 1695 praestitit
759 1611 858 1675 etiam
882 1611 1063 1677 Trinummi
1091 1636 1119 1677 v.
1143 1613 1182 1678 61
1213 1630 1313 1677 ΜΛΝ-

167 1736 388 1784 ΡΒΠΒΕΝΤΕΜ
410 1718 565 1784 exhibens
589 1740 647 1801 pro
672 1717 750 1781 mibi
772 1719 977 1800 impruden-ti:
1007 1719 1091 1784 unde
1115 1741 1313 1805 consequens

166 1824 231 1888 fuit
255 1828 293 1888 ut
316 1824 416 1889 etiam
440 1847 468 1888 v.
491 1824 557 1889 974
580 1846 646 1888 non
669 1826 727 1906 mi,
751 1824 806 1889 sed
829 1845 876 1888 me
899 1824 1101 1892 insereretur.
1128 1863 1165 1872 -
1192 1824 1314 1892 Contra

168 1930 298 1996 dativus
322 1931 547 2016 requirebatur
569 1952 598 1995 v.
622 1931 687 1995 558
711 1951 744 1996 os
767 1932 816 1995 cui
838 1931 976 1995 sablinat
998 1955 1057 2015 pro
1080 1934 1167 1998 cuias
1190 1954 1224 1997 os
1245 1933 1313 1997 sab·

168 2038 262 2103 linat:
295 2039 461 2103 constanti
490 2038 575 2102 enim
600 2037 752 2122 loquendi
776 2037 1006 2102 consuetudine
1029 2038 1172 2104 sabtiai
1194 2060 1233 2104 os
1255 2041 1314 2104 ati·

169 2146 222 2210 cai
244 2145 370 2228 dicitur,
394 2166 460 2209 non
482 2145 624 2208 alicuius.
671 2142 715 2207 Et
737 2142 815 2208 illuc
838 2148 984 2227 spectare
1007 2144 1081 2227 ipsa
1106 2145 1314 2211 Ambrosiani

169 2252 330 2336 scriptura
361 2269 460 2317 culos
493 2251 633 2331 videtur,
666 2271 802 2333 quorum
837 2255 964 2314 tantum
997 2250 1075 2316 ordo
1108 2251 1313 2317 invertendus

170 2346 271 2441 [paceii
293 2380 334 2438 os,
358 2366 396 2423 ut
418 2381 448 2422 v.
462 2358 537 2441 358,
560 2352 687 2438 Trin.²].
701 2393 744 2403 —
768 2356 823 2420 Aa
845 2377 878 2421 eo
901 2363 1058 2439 egestatem
1080 2361 1113 2423 ei
1136 2358 1315 2424 tolerabis

167 2489 199 2530 v.
214 2468 278 2532 371
305 2466 487 2531 certissima
509 2465 708 2529 correctione
732 2464 882 2527 effectum
905 2468 956 2527 est
980 2487 1017 2529 ex
1041 2472 1199 2547 epestabm
1221 2471 1251 2531 et
1272 2471 1313 2530 ta

168 2573 292 2651 terabis,
315 2571 506 2656 praesertim
529 2592 602 2635 cum
625 2571 659 2634 in
677 2571 709 2635 A
733 2575 809 2655 post
831 2587 1041 2634 saussaium
1064 2577 1121 2637 aut
1143 2591 1164 2637 Ε
1188 2577 1314 2637 tantum

167 2686 228 2746 aut
250 2698 263 2744 1
286 2683 447 2763 sequatur.
480 2677 566 2742 Hinc
588 2679 691 2763 igitur
709 2676 844 2762 profecti
865 2679 1025 2761 corruptis
1044 2701 1073 2742 v.
1088 2679 1152 2744 338
1172 2679 1314 2743 numeris

167 2785 299 2851 talerdre
325 2787 391 2850 eius
419 2786 578 2868 epe‘statem
606 2785 676 2849 aeto
707 2784 882 2849 maluimus
911 2788 1039 2850 servato
1063 2787 1236 2850 verborum
1265 2807 1314 2850 or·

166 2893 244 2957 dine
264 2892 375 2977 quiin
389 2892 422 2956 A
440 2895 499 2976 est,
521 2893 588 2956 eiras
611 2894 719 2954 autem
743 2890 776 2953 in
798 2892 826 2954 ei
849 2895 976 2957 mutato
1001 2913 1192 2975 succurrere,
1217 2914 1314 2976 quam

167 3022 242 3066 cum
266 3002 361 3083 parte
385 2997 543 3062 librorum
566 3001 779 3079 transponere
802 3002 958 3078 epastabm
981 2999 1055 3062 cias.
1101 2997 1189 3075 Quae
1212 3002 1315 3062 trans-

167 3107 291 3191 positio
315 3105 344 3169 si
367 3104 418 3170 cui
441 3105 483 3168 ab
506 3104 579 3186 ipsa
601 3124 808 3167 numerorum
832 3104 1049 3169 concinnitate
1068 3104 1246 3189 elegantior
1269 3106 1314 3170 vi·

167 3213 309 3296 debitam,
332 3211 383 3276 vel
407 3211 453 3275 sie
476 3210 604 3274 dativus
628 3213 737 3274 tamen
759 3210 916 3275 tenendus
936 3212 998 3274 erit
1016 3215 1173 3293 apostatem
1190 3211 1219 3274 ei
1235 3213 1313 3277 aeto.

169 3317 239 3384 Nec
270 3319 356 3383 enim
387 3317 498 3383 eodem
530 3338 638 3382 carere
669 3317 734 3381 ullo
766 3317 861 3382 modo
892 3340 1064 3401 possumus
1093 3339 1122 3382 v.
1147 3319 1225 3403 358,
1258 3320 1313 3383 ubi

169 3425 319 3492 Philtoni
346 3425 391 3490 sic
420 3426 518 3509 vulgo
547 3424 776 3508 interroganti:
814 3424 912 3489 Otaias
934 3429 1091 3506 egestatem
1114 3426 1241 3489 tolerare
1263 3427 1314 3489 ais
1427 3436 1430 3440 ’

168 3570 214 3580 -
237 3533 398 3617 Lysiteles
422 3531 608 3615 respondet:
640 3530 804 3596 Lesbonico
827 3530 898 3593 binc
920 3531 1105 3594 adulescenti
1127 3531 1314 3596 Obaruu'dai

167 3642 244 3722 fitia.
290 3638 379 3724 Ergo
403 3641 491 3704 cuirrs
514 3637 766 3703 convertendum
789 3638 823 3701 in
847 3638 898 3701 ati
920 3641 953 3699 ta
978 3637 1076 3718 [predii
1095 3634 1209 3716 Trin.²]
1234 3639 1313 3700 erat.

169 3783 213 3794 -
237 3745 359 3812 Contra
382 3747 490 3811 nullus
514 3745 624 3810 dativo
648 3745 737 3808 locus
761 3743 905 3808 v.1126:
930 3743 1036 3823 Neque
1056 3742 1120 3823 fait
1140 3763 1234 3824 neque
1256 3744 1315 3807 erit

177 3857 310 3920 ...Μ
336 3855 411 3936 fides
437 3854 627 3936 fidelitasque
654 3853 789 3916 anamiim
817 3872 889 3933 erpa
916 3850 1089 3931 aequiperet
1119 3870 1219 3914 mam.
1265 3847 1314 3912 De

171 3961 379 4026 intransitiva
407 3960 438 4023 vi
466 3959 712 4040 aequiperare
738 3957 827 4021 verbi
855 3957 988 4022 minime
1012 3960 1153 4021 constat:
1185 3956 1313 4042 quando

171 4071 204 4132 et
230 4067 265 4131 in
288 4065 481 4130 Pacuvianis
510 4065 595 4148 apud
622 4063 765 4129 Nonium
794 4087 825 4147 p.
848 4065 912 4129 307
945 4063 1052 4128 verbis
1084 4068 1120 4127 at
1150 4065 1211 4128 ista
1242 4063 1317 4127 sirit

259 4279 284 4348 2)
306 4276 529 4349 [Gattimarcbam
548 4273 718 4331 Ritschelius
737 4273 843 4333 invexit
860 4277 890 4333 in
909 4278 1024 4344 adult,
1044 4275 1089 4330 cui
1107 4275 1213 4330 formae
1231 4273 1315 4328 fidem

170 4367 238 4423 lecit
255 4366 285 4422 in
305 4367 405 4438 Opusc.
424 4367 494 4438 phil.
513 4367 551 4421 ΙΙΙ
570 4385 596 4436 p.
616 4366 689 4437 314.]
1049 4451 1103 4511 22*
