2962 5032
471 337 739 395 nuaunarrours
762 345 968 396 rurvmusa.
1231 327 1296 391 523

151 493 312 558 inutiliter
340 514 399 556 nec
428 490 600 556 iniucunda
628 491 749 575 poterit
776 512 833 574 per
862 490 990 574 singula
1019 489 1170 573 persequi
1200 491 1297 572 atque

153 599 346 683 expendere,
369 621 429 664 nos
452 603 562 664 tamen
586 621 625 663 ea
649 621 748 682 opera
771 621 791 662 a
814 597 908 663 nobis
932 621 1017 662 nunc
1040 600 1166 661 semota
1194 597 1296 661 satius

151 707 300 772 duximus
324 729 501 791 paucorum
525 727 675 770 versuum
705 705 934 770 notabiliorem
958 705 1152 788 scripturam
1175 703 1209 767 in
1232 703 1296 767 edi·

151 814 239 879 tione
267 817 429 897 receptam
457 812 599 878 breviter
627 811 805 877 defendere.
850 812 895 876 Et
923 834 1049 876 versum
1079 811 1208 896 quidem
1232 812 1297 876 242

153 920 364 985 Ambrosiani
388 920 509 985 auxilio
534 920 645 985 videor
668 919 846 984 certissime
870 919 917 983 sic
940 919 1136 984 restituisse:

167 1093 170 1096 >
241 1060 327 1127 Nam
350 1061 405 1147 qui
429 1067 531 1147 amat,
559 1062 643 1147 quod
668 1065 769 1139 amat,
797 1084 894 1146 quom
919 1060 1080 1144 extemplo
1105 1061 1172 1125 eius
1197 1059 1297 1125 sauiis
1378 1131 1381 1134 Α

878 1169 1044 1252 perculsus
1069 1173 1128 1233 est.

152 1312 285 1376 Etenim
309 1334 348 1376 er
369 1333 419 1392 eo,
444 1311 528 1396 quod
552 1313 774 1397 pereleganter
797 1311 914 1376 dicitur
936 1315 1063 1375 amator
1085 1313 1156 1377 sarri
1177 1313 1298 1394 supittis

145 1419 316 1502 percrebro,
334 1441 400 1483 non
420 1420 627 1503 consequitur
646 1418 789 1503 profecto
808 1440 876 1482 non
894 1418 1039 1502 potuisse
1059 1419 1165 1483 minus
1185 1422 1297 1482 ornate

151 1527 253 1590 soniis
269 1525 445 1607 percibum
469 1525 541 1589 dici.
577 1524 692 1611 Itaque
711 1547 784 1589 cunr
804 1546 875 1588 eum
896 1529 1045 1589 ornatum
1061 1524 1296 1589 Ambrosianus

152 1655 219 1696 non
248 1634 419 1716 agnoscat,
450 1630 503 1695 his
531 1636 666 1715 apparet
694 1630 905 1695 declarandae
932 1630 1086 1716 imaginis
1114 1653 1228 1695 caussa
1255 1631 1297 1695 ab
1379 1648 1386 1661 '

153 1740 330 1823 interprete
360 1739 535 1821 ascriptum
566 1759 636 1802 esse
666 1740 799 1822 sapidis:
837 1738 922 1823 quod
954 1760 1115 1821 cumpro
1145 1736 1297 1802 Plautino

153 1845 362 1928 acciperetur,
385 1848 422 1909 ut
445 1868 517 1909 cum
540 1846 641 1910 suariis
663 1845 868 1910 coniunctum
888 1844 1033 1908 construi
1053 1848 1173 1929 posset,
1196 1848 1297 1909 muta·

154 1957 223 2015 tum
252 1955 302 2015 est
331 1951 366 2015 in
392 1953 554 2034 sagittatis.
599 1952 770 2036 Reliquam
799 1955 907 2017 autem
935 1974 1046 2016 versus
1070 1952 1298 2017 conformatio·

153 2081 237 2142 uem,
260 2080 342 2142 quae
365 2057 468 2122 eidem
489 2059 704 2123 Ambrosiano
724 2059 868 2136 debetur,
891 2058 1070 2122 luculenter
1088 2062 1197 2123 tuetur
1215 2056 1298 2122 Mer·

156 2166 276 2230 catoris
300 2187 412 2230 versus
436 2164 492 2246 IV,
515 2167 545 2249 4,
568 2167 602 2230 4:
679 2146 706 2164 μ

244 2289 329 2354 Nam
345 2287 404 2374 qui
414 2294 511 2373 amat,
530 2291 616 2374 quod
635 2293 724 2355 amat
744 2287 775 2355 si
791 2290 899 2373 babet,
919 2289 951 2354 id
973 2289 1073 2354 habet
1086 2292 1143 2373 pro
1159 2289 1240 2355 cibe.
1256 2327 1295 2337 -

154 2431 230 2497 Non
257 2432 416 2497 mediocre
447 2437 554 2497 autem
585 2433 753 2518 negotium
782 2433 954 2516 u261sq.
979 2431 1145 2513 exhibent,
1174 2432 1219 2509 sic
1248 2431 1298 2496 edi

154 2539 257 2604 soliti:
288 2539 370 2621 sapit
395 2539 514 2618 forum,
541 2540 632 2622 sugat
659 2544 725 2603 tuos
753 2544 906 2622 cognatm,
936 2540 1027 2621 fugat
1053 2540 1118 2621 ipse
1144 2559 1175 2602 se
1201 2560 1222 2602 a
1243 2560 1299 2603 suo

153 2647 299 2710 contuitu.
337 2643 425 2720 Quae
448 2645 595 2731 intellegi
618 2667 713 2730 posse
738 2667 870 2728 prorsus
893 2666 985 2730 nego.
1022 2643 1108 2709 Nam
1132 2645 1202 2727 etsi,
1226 2667 1298 2709 curu

155 2754 260 2836 supere
281 2752 385 2831 forum
408 2773 497 2816 urrror
520 2750 650 2837 dicitur,
673 2773 761 2816 arnor
785 2751 940 2836 accipitur
963 2773 1039 2816 sane
1063 2774 1121 2834 pro
1144 2755 1299 2834 amatore,

155 2859 327 2943 eademque
358 2859 463 2943 figura
491 2859 576 2924 idem
605 2880 696 2924 amor
725 2857 786 2922 dici
810 2860 940 2942 poterat
968 2862 1000 2921 et
1024 2859 1136 2941 fugare
1158 2863 1299 2942 coprzulos

156 2972 189 3031 et
215 2988 237 3030 o
263 2986 318 3030 suo
345 2971 438 3030 suaet
462 2971 587 3031 conlatu
612 2967 736 3048 supere:
763 2970 872 3031 tamen
900 2969 1072 3049 postquam
1095 2965 1135 3030 ad
1158 2971 1298 3049 coquatos

157 3071 266 3137 addito
294 3077 362 3137 tuos
384 3071 575 3156 pronomine
599 3073 633 3136 iu
664 3072 726 3138 hoc
752 3072 860 3157 ipsum
889 3071 1044 3136 amatoris
1074 3072 1165 3138 notio
1195 3076 1299 3136 trans·

155 3180 238 3243 ierat
266 3200 420 3263 suamque
447 3179 613 3264 propriam
641 3179 806 3245 notionem
836 3201 925 3245 cosor
948 3183 1125 3264 receperat,
1152 3202 1217 3245 non
1244 3202 1300 3264 po-

155 3286 220 3349 tuit
241 3285 274 3349 in
300 3285 396 3349 tertio
420 3286 564 3351 membro
588 3286 674 3351 idem
695 3308 784 3352 cosor
803 3307 920 3351 nomen
940 3285 981 3350 ad
1001 3286 1156 3352 amatoris
1175 3285 1297 3371 signill-
1313 3313 1412 3354 cccxv

155 3391 316 3457 cationem
346 3391 450 3456 denuo
479 3392 600 3458 reflecti
628 3397 661 3458 et
688 3392 822 3457 alterius
844 3415 1001 3477 personae
1024 3392 1209 3476 pronomini
1233 3391 1298 3456 iarn

155 3497 271 3563 tertiae
293 3520 473 3582 pronomen
496 3499 649 3564 substitui
674 3499 742 3563 sine
767 3522 894 3564 summa
916 3500 1126 3584 intellegendi
1150 3499 1299 3563 molestia

155 3609 252 3689 atque
276 3605 354 3670 adeo
378 3605 541 3690 cogitandi
564 3606 786 3691 perversitate.
824 3605 945 3671 Verum
969 3612 1035 3671 tuos
1058 3628 1124 3669 non
1149 3611 1198 3669 est
1222 3627 1298 3669 sane

156 3711 189 3774 in
218 3711 325 3794 libris,
354 3711 408 3775 sed
437 3735 456 3776 a
480 3710 665 3777 Camerario
694 3711 822 3776 demum
851 3713 999 3777 effectum
1028 3714 1078 3775 est
1106 3733 1123 3775 e
1151 3711 1220 3790 nos:
1249 3711 1299 3775 cui

157 3819 212 3881 ubi
246 3819 267 3898 s
295 3816 404 3903 potius
437 3839 533 3902 quam
567 3824 579 3881 t
610 3819 850 3902 praeposueris,
886 3820 989 3883 videri
1027 3820 1138 3902 potest
1176 3816 1216 3880 ad
1249 3821 1300 3880 sat

158 3946 308 4009 magnam
332 3923 558 4008 pronominum
582 3926 827 4012 congruentiam
851 3926 956 3991 oratio
980 3926 1118 3991 adducta
1141 3945 1219 3987 esse.
1255 3921 1301 3986 Et

157 4035 265 4095 tamen
294 4054 333 4095 ne
361 4031 422 4098 hoc
451 4032 580 4116 quidem
609 4033 847 4098 concedendum
875 4036 935 4097 est.
985 4031 1070 4097 Nam
1104 4054 1195 4096 amor
1227 4052 1299 4095 cum

156 4136 274 4200 dicitur
297 4160 316 4200 a
340 4159 397 4202 suo
422 4161 456 4202 se
480 4142 615 4204 contutu
638 4140 763 4224 fugare,
792 4139 887 4204 unius
911 4139 1041 4206 Amoris
1064 4160 1222 4224 personae
1247 4158 1299 4202 eo-

157 4243 315 4328 gitatione
343 4245 450 4331 imago
480 4248 583 4311 omnis
612 4246 807 4312 continetur:
836 4269 918 4332 quae
946 4247 1002 4312 ubi
1030 4246 1070 4312 ad
1099 4246 1179 4310 alies
1208 4267 1299 4330 prae·

157 4354 247 4414 terea
269 4373 423 4433 personas
447 4353 624 4438 porrigitur
647 4358 684 4417 ut
706 4354 815 4438 aliqua
832 4353 1068 4419 necessitudine
1087 4376 1159 4417 cum
1179 4352 1299 4418 Amore

158 4457 357 4540 coniunctas,
379 4458 492 4542 putida
515 4460 553 4523 fit
576 4462 609 4523 et
630 4459 741 4544 inepta
763 4461 973 4545 comparatio.
1010 4459 1115 4536 Quare
1134 4482 1205 4526 cum
1228 4481 1300 4527 suos
