2962 5032
328 356 401 404 unu
425 355 485 403 orn
509 351 699 400 narenrene
722 349 1041 399 Pase'russnunrar.
1217 331 1259 397 65

107 499 216 552 horum
236 496 347 552 foetura
365 494 471 550 fructus
489 492 604 564 capiant
621 494 720 548 uberes
738 497 822 560 atque
837 492 982 547 iucundos.
1000 491 1072 545 Vale
1086 491 1115 545 et
1129 506 1173 544 me
1188 506 1260 544 ama,

107 586 227 656 Nempe
243 590 309 641 tuus
327 584 459 639 Verlerue
479 583 541 650 erit,
559 584 626 637 dum
645 581 704 636 vita
721 581 951 651 manebitffiatque
971 584 1050 635 tuum
1068 596 1171 635 nomen
1189 581 1260 633 tem-

104 693 166 744 pus
191 675 222 728 iu
247 690 331 728 omne
357 673 438 729 colet,
475 673 580 727 Iterum
606 671 676 725 vale.
714 670 806 726 Ticini
825 671 934 725 decimo
953 672 1031 724 sexto
1051 669 1096 723 die
1115 669 1260 724 Decembr.

107 780 189 818 auno
209 763 324 818 xvffll.

1004 849 1080 902 Tuus
1098 848 1188 903 Vitus.

677 1051 707 1114 2.

119 1157 176 1223 (De
196 1157 279 1211 rebus
299 1154 357 1210 suis
374 1173 429 1210 non
447 1153 520 1208 nihil
539 1153 661 1223 exponit.
699 1159 724 1207 2.
743 1152 930 1208 Reuchliuum
950 1155 979 1207 et
996 1154 1150 1208 Huttenum
1170 1152 1252 1207 rebus

181 1245 313 1300 humanis
332 1248 442 1315 ereptos
462 1245 548 1314 luget.
586 1250 611 1298 3.
631 1242 761 1298 Discordi
780 1242 947 1298 Germaniae
965 1260 1020 1313 pax
1039 1242 1193 1310 reddatur.)

184 1370 277 1425 Salve.
315 1366 519 1424 liberalissimi
543 1384 634 1423 mores
657 1367 862 1436 candidumque
885 1367 957 1422 illud
981 1370 1079 1437 peetus
1103 1369 1181 1420 tuum
1205 1382 1261 1420 nou

107 1458 168 1513 nisi
187 1458 287 1529 gratiis
306 1474 339 1511 ac
358 1456 503 1510 amiciciae
521 1460 632 1524 natum,
651 1455 790 1510 Bilibulde
810 1456 984 1523 doctissime,
1003 1457 1057 1511 hoc
1076 1458 1193 1525 egerunt
1210 1474 1261 1508 nu·
1332 1474 1333 1477 ¹

106 1565 175 1618 per,
198 1549 232 1601 ut
254 1564 308 1616 ego
331 1545 479 1615 insigniter
497 1544 626 1599 auderem
653 1545 814 1614 posthabito
834 1545 910 1600 omni
929 1545 1034 1615 pudore
1059 1545 1193 1612 quiddam
1211 1562 1261 1614 per

107 1636 223 1690 litteras
246 1635 408 1690 erubescere
430 1634 553 1701 nescias,
583 1634 657 1701 quod
681 1651 812 1703 praesens
836 1634 883 1687 vix
902 1634 1136 1703 expostularem,
1164 1634 1261 1688 abste

105 1727 207 1794 petere
225 1722 328 1778 inerim
347 1741 439 1778 ausus.
464 1723 516 1777 Tui
531 1724 592 1777 erat
610 1723 755 1792 ignoscere
775 1723 882 1777 homini
901 1740 951 1777 suo
971 1725 1060 1778 semet
1078 1723 1169 1792 ipsum
1189 1723 1260 1792 pede

106 1811 218 1880 alioqui
238 1811 390 1882 diligenter
407 1810 548 1879 metienti;
567 1811 608 1864 ita
626 1811 696 1865 mihi
716 1812 810 1866 omnia
828 1815 922 1867 tecum
940 1811 1047 1882 garrire
1066 1812 1149 1880 inque
1170 1813 1261 1866 sinum

106 1906 191 1956 tunm
214 1899 303 1954 libere
325 1899 460 1968 quicquid
484 1899 604 1954 habeam
628 1902 824 1955 antennarum
843 1903 894 1955 aut
911 1919 1048 1970 nugarum
1067 1901 1209 1955 effundere
1228 1901 1260 1954 li·

109 1990 200 2044 citum
218 1991 358 2058 putaram.
396 1988 495 2056 Neque
515 1988 622 2057 dubito,
642 1989 709 2057 quin
729 1989 758 2043 in
776 1990 848 2043 hanc
867 2005 927 2042 rem
946 1989 1126 2056 Bilibaldum,
1145 1989 1198 2043 hoc
1217 1991 1261 2043 est

108 2078 235 2132 amicum
254 2077 334 2131 illum
354 2075 433 2130 nulla
451 2092 484 2129 ex
503 2078 583 2145 parte
603 2078 779 2144 cessatorem,
798 2078 889 2130 totum
914 2076 1052 2144 etiuderis,
1071 2076 1126 2129 nisi
1140 2076 1259 2131 fortasse

106 2169 191 2221 tante
209 2165 409 2235 superstitione
427 2167 566 2234 teneatur,
585 2167 617 2218 ut
635 2164 735 2234 religio
754 2165 797 2218 illi
816 2166 853 2219 sit
872 2165 901 2219 in
913 2165 971 2219 Viti
990 2165 1033 2218 sui
1047 2165 1160 2234 negotio
1180 2183 1257 2219 men-

108 2253 228 2309 daciolis
247 2253 357 2322 aliquot
375 2254 462 2309 abuti.
507 2254 586 2319 Quod
605 2253 702 2307 multis
720 2253 777 2307 iam
796 2254 937 2309 mensibus
956 2254 1096 2308 scribendi
1115 2254 1150 2308 ad
1169 2257 1198 2308 te
1218 2252 1257 2308 of·
1272 2264 1312 2302 29⁰

107 2344 204 2398 ficium
230 2341 440 2410 intermiserim,
462 2342 556 2396 nescio
585 2342 686 2409 quibus
708 2342 801 2396 verbis
825 2342 877 2396 sim
898 2360 1010 2398 causam
1030 2359 1120 2397 meam
1141 2345 1262 2410 acturus,

108 2433 134 2487 si
153 2431 271 2503 negotia
289 2447 436 2486 causarum
455 2428 497 2497 (id
514 2430 589 2498 quod
609 2431 701 2485 solent
719 2431 776 2485 fere
795 2431 915 2501 desides)
936 2431 1048 2499 quando
1067 2432 1137 2485 mihi
1155 2434 1263 2488 nonsit

111 2525 207 2576 tantus
230 2520 407 2591 negotiorum
426 2519 577 2585 turnultus,
607 2520 707 2588 quibus
731 2520 854 2588 undique
879 2520 1043 2591 distringar,
1063 2537 1160 2576 vereor
1179 2539 1263 2589 quam

108 2610 234 2664 maxime
261 2627 309 2677 ne,
338 2609 362 2661 si
392 2608 421 2661 id
449 2614 625 2677 praetexam,
654 2609 716 2663 tota
743 2609 795 2663 sim
824 2625 908 2664 causa
935 2609 1019 2663 facile
1047 2627 1168 2664 casurus.
1210 2610 1263 2664 Tui

109 2698 330 2753 mellitissimum
355 2696 518 2752 memoriam
542 2696 699 2766 obrepsisse
723 2698 806 2764 mihi,
830 2716 896 2766 qum
921 2713 1029 2763 eorum,
1065 2715 1134 2766 quos
1162 2699 1261 2753 charos

111 2788 233 2856 habeas,
260 2785 431 2842 oblivionem
450 2803 517 2841 vera
534 2785 664 2841 amicicia
681 2804 738 2841 non
757 2787 900 2854 admittat,
928 2803 985 2841 non
1007 2789 1051 2840 eet
1078 2804 1130 2854 qur
1151 2787 1181 2841 in
1209 2789 1262 2843 hac

113 2893 226 2944 quoque
249 2892 279 2930 re
303 2874 491 2945 patrocinium
514 2874 627 2930 aliunde
650 2878 746 2945 petere
770 2876 890 2930 habeam
908 2893 1029 2930 necesse.
1067 2874 1147 2930 Vnde
1165 2876 1262 2946 igitur,

110 2965 230 3035 inquies,
248 2968 308 3019 tarn
326 2964 488 3018 diuturnum
508 2963 669 3018 silentium?
688 2965 712 3019 si
730 2980 783 3019 nec
802 2965 1001 3034 occupationes
1016 2972 1090 3033 tuae,
1111 2982 1183 3033 quae
1201 2966 1262 3020 nul·

109 3055 155 3111 lae
173 3056 252 3124 suut,
276 3070 366 3121 neque
389 3053 449 3107 ulla
473 3051 578 3106 oblivio
601 3052 766 3107 amicissimi
784 3054 905 3107 hominis
923 3054 1088 3108 memoriam
1107 3055 1160 3110 tihi
1180 3073 1262 3111 excu-

112 3147 172 3199 tere
189 3142 302 3213 potuit?
333 3142 416 3210 Audi,
434 3141 583 3210 Bilibalde,
604 3141 633 3194 id
653 3142 727 3209 quod
747 3159 813 3196 sane
831 3158 875 3196 res
894 3142 989 3211 habet,
1009 3160 1061 3210 qur
1079 3144 1154 3198 enim
1173 3144 1260 3199 maui-

113 3233 185 3286 lesta
201 3232 331 3301 negabo?
363 3249 425 3285 sum
444 3230 666 3301 procrastinator
691 3231 731 3284 ita
749 3230 895 3299 mirificus,
920 3234 951 3285 ut
973 3233 1020 3285 vix
1039 3231 1076 3286 sit
1095 3234 1167 3287 alius
1186 3235 1260 3302 quis·

111 3324 202 3391 piam,
226 3336 310 3388 quem
331 3318 402 3373 mihi
424 3320 454 3373 iu
472 3336 502 3373 re
520 3321 579 3372 tam
600 3319 714 3389 egregie
733 3318 877 3386 anteferri,
900 3320 1002 3373 nedum
1031 3321 1150 3376 conferri
1177 3324 1260 3378 facile

114 3410 216 3480 patiar.
239 3408 277 3463 Et
292 3412 356 3464 sunt
368 3411 428 3463 tam
446 3409 507 3463 alta
521 3407 659 3463 montium
679 3407 831 3476 cacumina,
850 3409 951 3476 quibus
968 3410 1076 3464 medius
1096 3412 1260 3481 circumdor,

116 3501 149 3552 ut
171 3515 261 3552 annus
283 3497 396 3553 interim
419 3499 591 3567 praetereat,
620 3514 675 3565 quo
698 3498 792 3551 nullus
815 3499 985 3553 concedatur
1008 3499 1045 3552 ad
1067 3506 1126 3553 tam
1146 3501 1260 3555 eximios

115 3585 221 3640 amicos
244 3603 278 3641 ac
301 3589 434 3656 patronos
452 3586 553 3641 lilteris
572 3587 641 3642 meis
665 3588 765 3654 exitus,
794 3604 863 3655 quos
886 3589 980 3642 tamen
1004 3587 1079 3642 omni
1105 3589 1259 3643 officiorum

115 3691 217 3743 genere
245 3675 377 3743 prosequi
403 3691 455 3744 par
483 3677 550 3729 erat.
589 3675 668 3729 Vnde
692 3676 736 3729 vel
760 3676 813 3729 hoc
837 3676 896 3731 solo
920 3676 1032 3730 nomine
1056 3677 1148 3731 locurn
1174 3679 1260 3732 ist-um

115 3763 188 3818 male
207 3761 267 3831 odi,
286 3762 362 3831 quod
381 3779 494 3832 perraro
514 3767 674 3831 occurrant,
694 3764 742 3831 qui
761 3769 811 3818 aut
828 3764 894 3819 hinc
913 3765 949 3818 ad
968 3781 1016 3818 vos
1036 3768 1085 3819 aut
1102 3766 1203 3821 isthinc
1223 3769 1259 3823 ad

113 3868 164 3906 nos
183 3854 348 3906 commeent
386 3852 430 3906 Ita
448 3851 515 3905 dum
533 3852 652 3906 maxime
677 3851 818 3907 officiosus
837 3852 926 3907 videri
944 3854 1026 3921 cupio
1046 3854 1258 3925 hominibusque

116 3939 188 3994 benc
208 3939 243 3994 de
261 3955 306 3993 me
323 3939 495 3994 merentibus
510 3941 563 3995 hac
577 3941 678 3995 saltem
693 3958 722 3995 re
737 3941 897 4012 gratificari,
917 3958 983 4008 qum
1005 3941 1076 3995 nihil
1099 3947 1260 4012 praestatur

118 4031 184 4098 post
214 4026 418 4098 longiusculam
445 4028 682 4098 expectationem,
707 4030 738 4083 fit
766 4032 797 4083 ut
814 4032 835 4084 ii
853 4029 1042 4095 incivilitatis,
1070 4031 1113 4085 illi
1132 4049 1198 4087 vero
1217 4033 1257 4087 in·
1273 4038 1311 4078 2⁹1

116 4116 298 4187 gratitudinis
316 4133 361 4172 me
379 4134 510 4173 accusare
529 4134 585 4173 non
603 4122 719 4174 cessent.
758 4120 788 4175 si
805 4120 878 4175 forte
897 4120 1130 4188 quemadmodum
1150 4122 1259 4177 valeam

118 4205 239 4274 quaeris,
257 4202 319 4260 Deo
337 4209 395 4275 opt.
418 4222 491 4261 max.
505 4210 620 4263 auctore
639 4213 683 4263 sat
699 4209 770 4264 bene
790 4208 888 4275 habeo,
908 4208 1014 4276 tibique
1030 4209 1103 4265 sicut
1115 4211 1259 4282 optimam,

116 4295 157 4349 ita
178 4295 329 4364 longevam
353 4294 541 4349 valetudinem
564 4297 714 4366 imprecor,
744 4314 797 4365 quo
822 4296 911 4366 possis
935 4297 1152 4355 foecundissima
1173 4302 1259 4356 animi

115 4383 158 4438 tui
175 4382 270 4437 fetura
292 4381 480 4448 studiosorum
499 4384 602 4440 diutins
621 4386 792 4456 locupletare
810 4389 1016 4455 paupertatem,
1053 4389 1128 4460 Ego,
1147 4389 1170 4444 si
1181 4392 1259 4445 ,scire

115 4470 207 4544 cupis,
231 4472 353 4527 alterum
371 4470 458 4528 tenn'e
475 4490 599 4530 mensem
618 4475 760 4531 venationi
779 4475 820 4530 ita
838 4477 948 4530 strenue
967 4475 1007 4530 fui
1026 4477 1151 4547 deditus,
1170 4477 1212 4533 ita
1230 4480 1259 4533 in

167 4580 208 4617 n.
227 4579 378 4616 moenam
399 4580 531 4617 orvscvas
550 4583 575 4620 v.
1024 4574 1045 4622 b
