2962 5032
551 336 783 386 nersmrscua
806 336 934 384 sunau.
1247 319 1309 384 641

166 478 297 543 fervore
325 478 551 561 amplectenda
576 483 727 563 paratum
750 480 915 565 ingenium
938 477 1228 563 Francogallorum
1253 482 1312 562 est,

165 585 349 650 clarissimo
373 585 473 651 misso
496 586 692 671 philosopho
715 591 901 653 nostrarum
919 586 1031 651 laudes
1051 585 1233 650 scholarum
1253 585 1310 649 ali·

167 696 250 776 quot
280 692 398 758 abhinc
431 694 524 758 annis
557 695 821 759 testificatorum:
859 693 1050 758 documento
1080 696 1130 756 est
1157 692 1311 757 diuturno

164 799 396 884 expergefacta
423 800 579 885 languore
611 802 684 884 ipsa
716 800 835 866 nobilis
863 821 941 884 gens
970 799 1214 882 Britannorum,
1248 799 1311 863 sibi

164 907 238 971 sola
264 907 406 991 placere,
440 908 501 972 soli
530 908 591 972 sibi
619 907 774 991 plaudere
801 929 859 991 per
887 907 1027 991 plurima
1055 907 1183 970 saecula
1206 906 1311 989 solita,

165 1012 224 1077 sed
247 1013 298 1078 cui
320 1036 432 1099 nuper,
455 1018 492 1079 ut
510 1014 700 1098 accepimus,
725 1014 771 1078 rei
790 1013 1003 1079 scholasticae
1023 1034 1100 1078 suae
1118 1012 1226 1076 labem
1244 1034 1309 1077 non
1326 1037 1359 1076 vr

165 1120 252 1184 alius
270 1121 333 1184 nisi
348 1119 541 1186 Berussicae
561 1121 751 1206 disciplinae
765 1121 965 1206 comparatio
984 1118 1176 1204 persuadere
1196 1121 1310 1203 coepit.

164 1226 258 1291 Haec
281 1227 383 1312 igitur
405 1232 498 1292 tanta
521 1228 678 1293 beneficia
701 1228 751 1292 cui
775 1228 908 1293 tandem
931 1231 1062 1311 accepta
1083 1227 1184 1292 refert
1202 1249 1309 1311 respu-

168 1334 257 1399 blica
270 1335 332 1398 nisi
346 1334 428 1420 Regi
444 1333 576 1418 Optimo
590 1333 787 1399 Farnunrco
802 1334 992 1401 Gummno
1007 1332 1056 1397 III
1079 1337 1121 1416 et,
1145 1334 1236 1398 cuius
1250 1333 1310 1397 Ille

165 1440 313 1506 consiliis
338 1447 413 1524 post
435 1441 664 1506 immortaliter
687 1441 838 1507 meritum
863 1441 900 1506 de
925 1441 1019 1506 bonis
1043 1441 1169 1505 artibus
1189 1439 1309 1504 Guilel-

165 1569 256 1611 mum
276 1547 317 1612 ab
332 1547 515 1613 Humboldt
538 1549 771 1633 perplurimos
795 1571 899 1614 annos
922 1571 999 1613 usus
1022 1551 1081 1632 est,
1105 1545 1250 1612 Oenone
1265 1565 1309 1610 aa

161 1655 416 1721 maenarum?
441 1655 502 1732 Qui
524 1655 599 1740 quid
619 1656 736 1740 quibus
755 1657 817 1721 viis
836 1678 874 1720 ac
893 1655 994 1739 copiis
1017 1655 1196 1719 instituerit
1218 1674 1309 1737 prae·

165 1761 369 1846 stiteritque,
401 1784 460 1827 nec
482 1763 556 1828 volo
584 1747 669 1828 nunc
696 1785 757 1827 nec
778 1785 910 1846 possum
934 1761 1125 1847 singillatim
1149 1760 1310 1845 persequi:

166 1890 228 1933 nec
250 1869 395 1955 indigere
419 1869 480 1934 hoc
504 1870 652 1935 uberiore
676 1871 891 1956 explicatione
915 1870 1058 1953 videtur,
1081 1869 1201 1953 quippe
1224 1867 1308 1952 quod

164 1977 201 2041 in
230 1978 340 2042 oculos
370 1975 464 2060 quasi
492 1999 551 2041 sua
579 1981 694 2060 sponte
722 1978 889 2042 incurrens
920 1976 1098 2040 multorum
1129 1974 1310 2059 praeconiis

164 2083 389 2168 praedicatum
413 2084 457 2158 sit
480 2083 703 2168 multifariam,
727 2084 805 2149 adeo
829 2088 866 2147 ut
888 2083 975 2147 illius
995 2083 1123 2168 quidem
1144 2085 1309 2167 praestan-

163 2190 231 2254 tiae
264 2190 429 2274 persuasio
463 2190 515 2255 vel
547 2210 659 2254 eorum
693 2190 856 2254 mentibus
890 2190 1060 2273 paullatim
1095 2188 1309 2270 inhaerescat,

163 2297 221 2381 qui
252 2301 309 2361 aut
337 2300 473 2362 naturae
505 2297 584 2361 vitio
617 2297 799 2362 hebetiores
830 2297 870 2361 ad
900 2295 1108 2361 iudicandum
1140 2300 1197 2360 aut
1224 2296 1309 2360 vitae

165 2403 354 2469 condicione
384 2404 424 2468 ab
453 2404 650 2488 optimorum
675 2404 856 2469 studiorum
879 2404 1075 2468 tractatione
1099 2402 1199 2466 alieni
1223 2405 1309 2465 sunt.

169 2508 292 2586 Quodsi
321 2533 385 2576 non
409 2509 498 2596 quid,
531 2512 586 2576 sed
611 2533 673 2596 quo
698 2510 777 2575 illud
802 2511 911 2575 animo
935 2513 1032 2594 atque
1055 2508 1191 2574 consilio
1215 2508 1309 2572 insti-

166 2617 281 2701 tuerit,
313 2618 510 2702 quaerimus,
543 2619 576 2682 id
603 2617 698 2682 facile
727 2617 946 2701 intellegimus
975 2637 1045 2681 esse
1069 2615 1240 2699 eiusmodi,
1272 2619 1309 2679 ut

164 2726 251 2787 recte
278 2729 482 2807 perspectum
511 2725 546 2787 in
574 2725 677 2790 multo
706 2724 862 2788 maiorem
886 2722 956 2786 Viri
986 2723 1182 2787 immortalis
1211 2722 1309 2786 admi-

164 2830 326 2894 rationem
359 2832 479 2916 rapiat,
512 2832 690 2916 gratiarum
725 2831 886 2896 actionem
916 2833 952 2894 ut
984 2830 1086 2894 multo
1117 2830 1308 2914 ampliorem

165 2937 319 3020 postulet.
364 2937 513 3022 Namque
541 2939 661 3003 artium
690 2939 935 3021 litterarumque
964 2959 1074 3001 curam
1098 2959 1171 3001 cum
1194 2936 1307 3002 Alten-

165 3045 318 3109 steiuium
343 3044 453 3109 dixero
483 3045 610 3110 animo
639 3067 726 3109 vere
754 3045 862 3128 regio
892 3044 1085 3127 suscepisse,
1109 3044 1156 3108 sic
1179 3043 1308 3108 demum

164 3172 229 3215 uno
266 3154 401 3215 cunctas
439 3156 548 3235 partes
585 3152 715 3216 nomine
752 3156 838 3215 recte
870 3149 1153 3234 comprehendisse
1190 3150 1308 3215 videor.

165 3256 319 3320 Animum
343 3262 454 3322 autem
477 3280 551 3322 vere
574 3258 699 3341 regium
724 3279 797 3321 eum
821 3257 901 3339 dico,
926 3257 981 3342 qui
1001 3278 1021 3320 a
1038 3256 1159 3340 triplici
1177 3256 1308 3340 potissi·

167 3384 256 3426 mum
279 3363 518 3448 vituperatione
541 3365 624 3429 liber
647 3364 707 3448 sit,
737 3386 873 3448 quarum
901 3386 967 3429 una
990 3365 1073 3429 solet
1094 3364 1145 3427 rel
1169 3363 1203 3427 in
1227 3364 1308 3428 cele·

166 3468 326 3534 berrimos
348 3472 507 3536 bonarum
526 3471 643 3535 artium
663 3471 809 3535 fautores
829 3470 946 3535 illustri
965 3472 1000 3535 in
1018 3472 1090 3534 loco
1111 3471 1307 3535 constitutos

165 3576 286 3641 cadere.
328 3577 454 3643 Horum
479 3577 564 3641 enim
588 3578 843 3661 quotusquisque
867 3583 925 3656 est,
949 3579 1026 3661 quin
1049 3577 1088 3641 de
1113 3576 1233 3640 artium
1258 3577 1308 3640 lit·

164 3685 371 3767 terarumque
402 3683 611 3747 incrementis
643 3682 803 3746 sollicitus
835 3705 893 3748 suo
923 3683 1028 3767 magis
1055 3682 1181 3748 nomini
1210 3705 1307 3767 quam

165 3788 312 3872 ipsarum
335 3790 447 3872 saluti,
471 3812 568 3874 quam
592 3789 788 3872 reipublicae
811 3789 947 3854 utilitati
970 3789 1139 3853 consulere
1163 3788 1306 3853 animum

165 3894 342 3979 induxerit,
375 3896 451 3979 quin
478 3895 710 3959 beneficiorum
737 3897 814 3960 illuc
843 3896 1034 3960 collatorum
1063 3895 1090 3958 si
1118 3917 1182 3959 nou
1206 3897 1305 3959 maxi-

164 4024 261 4085 mam,
281 4006 366 4067 certe
386 4026 451 4067 non
470 4003 638 4067 minimam
658 4008 784 4086 partem
804 4003 843 4066 ad
864 4025 956 4067 suam
975 4002 1084 4086 potius
1103 4003 1156 4066 vel
1178 4002 1306 4067 laudem

164 4109 215 4172 vel
242 4110 444 4194 voluptatem
474 4112 651 4192 rettulerit,
688 4111 779 4194 quin,
808 4114 844 4173 ut
869 4110 1010 4174 breviter
1037 4109 1155 4192 dicam,
1186 4111 1305 4175 artium
1320 4145 1366 4184 vn

164 4216 411 4301 litterarumque
440 4220 597 4299 patronus
621 4217 671 4279 vel
695 4215 807 4279 haberi
832 4216 1076 4298 ostentationis,
1109 4218 1159 4281 vel
1183 4219 1305 4282 externi

165 4322 346 4406 splendoris
378 4343 493 4387 caussa
524 4343 592 4386 esse
623 4321 784 4386 voluerit?
832 4319 914 4385 Cum
947 4344 1011 4405 qua
1038 4324 1250 4406 perversitate
1278 4326 1306 4389 si

164 4426 217 4493 vel
242 4449 429 4513 comparare
452 4433 617 4513 tamquam
641 4427 833 4511 longissimo
857 4427 1028 4493 intervallo
1052 4429 1225 4494 distantem
1251 4430 1305 4495 Al·

216 4549 260 4587 n-
278 4549 427 4586 mmcmn
447 4551 582 4586 onvscvns
603 4551 627 4585 v.
1059 4539 1091 4587 41
