2962 5032
490 325 754 375 aunnnarrours
779 294 984 374 absumere.
1250 311 1313 376 527

171 471 292 537 mentis
314 476 385 536 tum
408 473 444 536 in
466 472 548 555 ipsis
571 472 689 537 fabulis
714 469 870 537 admisso:
902 472 934 535 id
958 471 1043 556 quod
1066 494 1118 557 ee,
1151 496 1249 559 qnam
1273 475 1314 538 ab

168 578 263 643 initio
297 579 562 661 commemoravi,
594 579 868 645 commentatione
902 579 982 643 satis
1015 601 1073 663 per
1101 579 1230 664 singula
1262 580 1316 644 de·

170 690 369 751 monstrasse
393 685 512 751 videor.
550 685 631 752 Cum
655 686 821 751 Prisciano
845 686 874 749 si
896 685 990 750 nobis
1014 707 1065 750 res
1089 691 1184 771 esset,
1207 686 1315 751 crede-

169 814 238 855 rem
263 792 403 877 quidvis:
437 793 500 858 boc
522 816 622 858 unum
646 815 712 858 non
735 792 910 873 crederem,
939 792 991 857 vel
1015 815 1115 856 unum
1138 794 1258 858 bonum
1282 798 1315 857 et
1330 818 1429 860 cccxx

169 899 364 963 concinnum
387 900 582 965 uersiculum
605 900 647 963 ab
671 921 708 963 eo
731 920 906 983 procusum
930 921 1010 982 esse,
1034 901 1089 984 qui
1113 900 1231 965 mixtos
1255 901 1314 965 sci-

168 1004 247 1070 licet
278 1028 294 1070 e
323 1007 488 1073 trochaico
517 1011 550 1071 et
579 1005 717 1070 iambico
746 1028 881 1071 numero
906 1005 1119 1071 Terentianos
1143 1007 1216 1072 illos
1241 1030 1314 1073 con-

167 1136 304 1199 coquere
336 1115 444 1199 potuit
475 1114 588 1180 Adhuc
610 1112 757 1196 Archylis
789 1135 868 1195 qaue
899 1113 1038 1178 adsolent
1065 1134 1199 1194 quaeque
1228 1135 1314 1195 opor-

170 1226 363 1306 meqs

258 1327 298 1391 In
330 1328 549 1393 didascalia
580 1328 761 1392 Trinummi
797 1349 884 1392 nunc
916 1326 1084 1411 deperdita
1115 1328 1200 1412 quod
1234 1328 1312 1392 olim

168 1435 288 1499 lectum
308 1456 378 1499 esse
402 1435 523 1500 conieci
538 1435 705 1520 Parergon
719 1458 749 1518 p.
764 1435 839 1518 348,
862 1452 979 1500 acran
1002 1451 1106 1499 cvnis
1130 1452 1315 1500 unemun-

171 1558 268 1607 srnvs
293 1564 363 1605 earn
387 1542 532 1607 fabulam
556 1564 641 1625 esse,
665 1542 733 1607 eius
757 1563 808 1606 me
831 1542 1033 1607 coniecturae
1056 1563 1121 1606 non
1144 1526 1314 1626 paenituit.

167 1648 379 1733 Impugnavit
399 1653 508 1715 tamen
530 1673 602 1715 eam
618 1649 790 1714 Eduardus
805 1648 945 1714 Meierus
968 1653 1080 1714 noster
1101 1671 1138 1715 eo
1156 1671 1314 1715 commen-

167 1756 296 1839 tariolo,
313 1757 403 1821 euius
418 1777 486 1840 cap.
500 1755 531 1820 Il
547 1754 662 1839 [Ττίιι.2
672 1756 773 1840 praef.
782 1779 811 1841 p.
822 1755 915 1838 XIX]
930 1756 1054 1820 mentio
1069 1756 1156 1821 facta
1169 1761 1228 1840 est,
1251 1757 1314 1820 boc

167 1863 296 1947 quidem
318 1868 509 1947 argumento
533 1885 610 1927 usus
634 1864 729 1947 quod,
752 1885 824 1928 cum
848 1885 908 1949 ego
932 1867 1019 1928 recte
1040 1863 1312 1929 demonstrassem

166 1991 226 2034 nec
245 1969 400 2033 Romanis
417 1969 502 2034 ludis
521 1992 580 2035 nec
599 1970 722 2054 plebeis
746 1992 804 2035 uec
825 1970 1072 2054 Apollinaribus
1090 1992 1187 2056 posse
1206 1975 1312 2035 actam

169 2098 248 2160 esse,
262 2098 328 2140 non
343 2075 539 2159 cogitassem
559 2077 597 2142 de
615 2076 700 2141 ludis
718 2077 920 2142 funebribus.
947 2076 1098 2162 Cogitavi
1114 2099 1175 2163 ego
1194 2077 1233 2142 dc
1247 2077 1312 2142 illis

168 2181 331 2265 profecto,
359 2181 414 2246 sed
444 2187 480 2247 ut
502 2184 615 2248 alienis
639 2184 680 2249 ab
704 2184 765 2249 hac
789 2185 987 2268 quaestione.
1032 2184 1220 2267 Eodemque
1244 2183 1313 2248 iure

167 2291 265 2372 atque
296 2288 375 2353 adeo
406 2289 528 2353 maiore
559 2288 621 2353 diei
652 2293 804 2372 potuerat
833 2313 884 2354 me
915 2312 980 2354 non
1008 2290 1171 2374 cogitasse
1199 2290 1238 2353 de
1266 2289 1312 2353 eis

167 2393 250 2457 ludis
274 2417 354 2479 quos
378 2395 573 2460 dedicandae
597 2395 685 2459 aedis
705 2416 821 2459 caussa
839 2396 943 2461 factos
963 2418 1032 2461 esee
1051 2396 1178 2460 ostendi
1197 2395 1311 2479 past.

169 2501 242 2564 290.
293 2501 420 2584 Quippe
453 2501 562 2566 dedita
594 2523 693 2585 opera
724 2502 765 2565 ab
799 2502 1077 2585 extraordinariis,
1110 2501 1222 2585 quales
1255 2521 1312 2585 per

167 2607 308 2672 rariores
332 2608 593 2691 opportunitates
616 2609 684 2673 fieri
708 2613 896 2693 potuerunt,
924 2615 1028 2674 statos
1049 2609 1149 2706 uludos
1173 2608 1311 2673 discrevi

167 2715 221 2797 qui
246 2714 343 2779 certis
367 2715 480 2780 diebus
504 2715 678 2800 quotannis
701 2715 853 2799 redirent,
876 2716 1055 2801 horumque
1075 2716 1218 2780 solorum
1237 2736 1310 2779 con·

167 2826 309 2885 stentem
338 2821 556 2906 frequentiam
586 2821 821 2907 respiciendam
852 2823 964 2907 putavi
994 2823 1050 2887 ubi
1082 2845 1148 2887 non
1177 2827 1247 2887 tam
1278 2821 1311 2886 id

170 2932 321 3011 ageretur
344 2933 381 2993 ut
403 2928 614 2993 concludendi
636 2928 831 2993 necessitate
854 2951 978 3014 verum,
1001 2951 1099 3015 quam
1122 2933 1159 2994 ut
1181 2929 1311 2993 ratioci-

166 3036 264 3100 nandi
293 3034 528 3120 probabilitate
551 3036 689 3099 maxime
713 3035 818 3099 simile
840 3035 908 3100 veri
932 3040 1107 3100 erueretur.
1152 3033 1199 3099 Et
1220 3034 1309 3097 fune-

167 3142 240 3207 bres
269 3141 398 3226 quidem
427 3141 520 3206 ludos
549 3143 636 3225 ipsos
665 3143 814 3226 quotiens
839 3144 969 3207 omnino
993 3143 1051 3208 illa
1074 3146 1181 3206 aetate
1205 3139 1310 3206 factos

166 3271 235 3313 esse
265 3248 388 3313 Romae
416 3248 628 3333 putabimus?
673 3248 712 3315 In
739 3250 857 3336 quibus
888 3250 972 3334 quod
994 3251 1141 3333 haerere,
1169 3270 1242 3313 cnm
1271 3248 1310 3312 de

166 3355 349 3419 fabularum
373 3356 601 3420 commissione
625 3357 798 3441 quaeritur,
822 3357 976 3442 cogitatio
1000 3360 1112 3422 nostra
1134 3356 1310 3438 consuevit,

168 3460 201 3524 id
225 3463 306 3526 satis
330 3461 487 3546 singulari
510 3484 586 3526 casu
610 3464 760 3528 effectum
784 3462 845 3527 hoc
869 3467 932 3545 est,
960 3463 1045 3546 quod
1069 3485 1086 3526 e
1110 3484 1165 3526 sex
1189 3460 1309 3527 fabulis

165 3567 369 3632 Terentianis
398 3567 477 3631 duas
506 3568 662 3632 traditum
692 3573 742 3633 est
770 3589 828 3651 per
851 3566 1034 3632 funebrium
1057 3568 1222 3651 ludorum,
1254 3568 1309 3632 sed

165 3674 349 3756 eorundem,
373 3674 575 3739 occasionem
600 3678 688 3738 actas
713 3696 792 3738 esse.
837 3673 958 3738 Verum
986 3675 1021 3739 hi
1048 3675 1115 3740 ludi
1139 3675 1308 3741 recordan-

164 3780 240 3843 dum
269 3785 319 3845 est
347 3779 381 3843 in
410 3780 499 3845 cuius
527 3782 682 3844 honorem
705 3780 783 3844 faeti
808 3779 889 3844 sint:
927 3781 982 3864 qui
1005 3781 1068 3845 fuit
1090 3780 1124 3846 L.
1148 3781 1308 3846 Aemilius

165 3887 309 3970 Paullus,
332 3888 382 3952 vir
400 3891 433 3950 et
451 3888 646 3952 auctoritate
666 3892 699 3951 et
717 3888 825 3970 gratia
844 3886 956 3971 populi
975 3887 1009 3952 in
1027 3889 1139 3971 paucis
1158 3887 1309 3972 insignis,
1323 3911 1434 3952 cccxxr

166 4016 262 4077 quem
287 3994 443 4078 singulari
466 3995 588 4078 pietate
612 3994 650 4071 Q.
673 3993 793 4059 Fabius
817 3997 850 4057 et
872 3993 906 4058 P.
926 3992 1094 4060 Cornelius
1118 3996 1176 4059 filii
1199 4017 1307 4080 prose-

165 4101 232 4165 cuti
257 4105 346 4166 sunt:
383 4100 462 4166 adeo
486 4106 523 4166 ut
546 4102 697 4167 inusitati
720 4101 853 4166 honoris
877 4103 1085 4187 praecipuam
1108 4102 1307 4168 mentionem

166 4208 340 4292 scriptores
364 4207 473 4272 dedita
496 4231 595 4293 opera
618 4208 769 4291 fecerint,
792 4207 986 4274 Plutarchus
1010 4210 1065 4274 vit.
1089 4207 1182 4274 Aem.
1206 4232 1231 4274 c.
1255 4210 1307 4293 39,

164 4312 328 4378 Diodorus
343 4315 421 4379 axe.
440 4339 469 4399 p.
484 4316 549 4381 584
566 4338 620 4400 sq,
644 4314 797 4398 Polybius
821 4315 858 4379 fr.
881 4316 901 4380 1.
916 4315 1050 4400 xxxii,
1067 4317 1118 4381 14.
1160 4315 1220 4382 sa
1243 4318 1306 4381 usi·
1377 4296 1380 4301 ’
1418 4382 1444 4395 ,

164 4425 253 4484 tatus
283 4444 422 4505 pompae
449 4421 594 4486 funebris
623 4420 774 4505 splendor
800 4421 863 4485 fuit
891 4427 923 4485 et
947 4423 1056 4486 varius
1080 4424 1305 4507 exsequiarum
