2962 5032
168 323 232 388 722
392 341 626 392 unrnmsona
650 327 869 410 nuscuntur,
890 341 1083 411 marasan,

307 572 342 659 u)
366 573 420 638 Im
442 528 770 641 Prooemiumdes
794 572 1059 640 Sommersem.
1086 574 1171 639 1860
1257 593 1260 599 ’

449 714 606 803 (elogium
628 716 663 782 L.
687 714 818 782 Comeli
841 714 1026 801 Scipionis).

254 856 409 943 Superest
429 866 468 925 ut
489 880 589 925 aanor
608 860 699 942 panti
721 859 831 940 aspirati
852 879 1001 940 moganum
1023 860 1212 941 sapientiam
1233 858 1304 922 mal·

167 970 273 1046 losqrsc
295 968 434 1044 innuas,
463 970 536 1030 utut
558 967 778 1049 incompertos
806 966 916 1049 nobis,
944 965 1037 1030 robis
1061 965 1130 1030 cari
1154 965 1306 1031 commili-

166 1073 261 1134 tones
285 1073 544 1137 commendemus
567 1094 626 1156 pro
645 1071 732 1135 virili
754 1075 848 1155 parte
872 1070 1090 1154 aemulandas,
1114 1071 1172 1134 sed
1192 1093 1248 1135 eas
1271 1071 1310 1135 ab

166 1178 277 1242 aetolis
294 1181 451 1260 paruitate
473 1200 570 1262 quam
593 1178 734 1242 maxime
758 1177 929 1244 seiunctas.
974 1175 1103 1243 Valete.

303 1498 335 1585 v)
359 1498 412 1562 lm
435 1499 680 1564 Prooemium
703 1497 769 1562 des
794 1470 1058 1563 Sommeisem.
1086 1497 1174 1563 1862

488 1639 664 1725 (canticum
687 1639 800 1722 Oedipi
824 1637 984 1726 Oolonei).

258 1782 303 1847 Et
331 1784 369 1847 de
398 1781 556 1867 Sophocle
584 1782 713 1868 quidem
740 1782 820 1848 haec
846 1736 1017 1847 hactenirs:
1050 1803 1148 1865 quem
1173 1804 1314 1847 memen-

168 1893 237 1953 tote
261 1891 467 1969 cooporiant
496 1895 592 1975 atque
620 1889 767 1954 εὐκολία(
790 1889 824 1953 in
848 1889 962 1974 quovis
986 1908 1105 1974 genere
1128 1889 1314 1972 exemplum

165 2000 198 2059 et
230 1996 422 2060 admirabile
456 2001 489 2061 et
521 2018 652 2080 prorsus
685 1996 825 2061 amabile
857 1999 984 2060 exstare
1016 1993 1313 2080 dignissimumque

164 2102 249 2185 quod
268 2103 302 2166 in
321 2125 379 2167 suo
400 2104 536 2189 quisque
556 2124 673 2187 genere
692 2103 894 2167 aemulemur
912 2124 984 2166 cum
999 2101 1187 2166 honestatis
1206 2103 1312 2167 fructu

165 2209 339 2274 uberrimo.
372 2210 465 2286 Quod
486 2213 641 2293 superest,
665 2208 848 2274 scholarum
871 2208 958 2273 infra
976 2208 1161 2292 positarum
1185 2209 1310 2294 copiam

168 2320 264 2400 atque
287 2317 479 2381 varietatem
506 2316 682 2380 consolitae
701 2315 881 2379 industriae
900 2317 1028 2378 vestrae
1046 2315 1309 2379 commendamus

166 2421 269 2506 adque
289 2445 328 2487 ea
348 2445 404 2488 vos
424 2423 540 2505 studia,
560 2443 641 2506 quac
660 2422 759 2486 aetati
779 2423 905 2485 vestrae
923 2421 1085 2504 imprimis
1104 2423 1309 2505 conveniunt,

165 2551 204 2593 ex
236 2531 344 2595 officio
377 2529 599 2612 cohortamur,
632 2551 695 2612 quo
727 2529 818 2592 vobis
848 2528 1065 2592 humanitatis
1096 2528 1307 2614 praecepitii,

164 2658 229 2700 non
248 2637 429 2719 corruptrix
448 2636 529 2701 haec
549 2637 616 2699 vita
635 2635 818 2700 academica
837 2634 954 2699 evadat
970 2656 1052 2698 nere
1075 2635 1111 2700 in
1131 2635 1305 2700 alienarum

165 2745 406 2807 contentionum
431 2742 656 2825 intemperiem
681 2745 777 2825 atqua
801 2742 1012 2805 acerbitatem
1037 2742 1238 2824 optimarum
1262 2765 1305 2805 ar·

164 2849 246 2911 tium
270 2850 402 2913 dulcedo
427 2852 460 2912 et
482 2848 701 2931 tranquillitas
725 2851 839 2912 vertat.
884 2846 1008 2911 Valete.

280 3168 323 3250 w)
347 3168 401 3232 lm
425 3168 666 3233 Prooemium
690 3169 755 3233 dos
780 3168 1022 3233 Wintersem.
1049 3168 1200 3251 1862,³ss3

471 3312 609 3395 (priscae
633 3313 687 3375 lat
711 3313 813 3397 epigr.
837 3312 940 3394 suppl.
965 3306 1004 3390 l).

256 3452 356 3517 Novis
381 3454 534 3535 exemplis
558 3455 748 3538 quibusdam
773 3453 999 3537 perspexistis,
1029 3453 1116 3516 cives
1140 3455 1312 3534 carissimi,

168 3559 337 3622 veritatem
364 3558 486 3623 Solonii
515 3559 618 3642 illius,
652 3583 714 3644 spuo
743 3563 775 3622 et
804 3565 905 3623 semet
933 3559 1149 3641 profitebatur
1173 3566 1208 3623 et
1231 3562 1311 3624 alios

166 3665 371 3748 significabat
394 3666 561 3744 γηράεκειν
586 3667 646 3731 αἰεὶ
670 3667 777 3730 πολλὰ
801 3668 1053 3744 διδαεκομένουε.
1083 3666 1177 3741 Quod
1202 3671 1311 3729 tamen

166 3772 313 3837 oblivisci
337 3773 437 3837 nolite
461 3774 506 3837 ita
529 3777 656 3837 tantum
680 3796 791 3837 vorum
816 3794 896 3855 esse,
920 3774 947 3835 si
966 3771 1158 3851 ἡβὰεκοντε(
1180 3773 1231 3836 vel
1252 3773 1314 3837 sal-

163 3881 229 3940 tem
258 3880 399 3956 ἡβῶντες
428 3881 626 3962 coeperimus
660 3902 725 3943 non
755 3880 861 3944 solum
889 3879 1024 3959 discere,
1058 3879 1112 3941 sed
1142 3878 1315 3945 doctrinae

164 3984 266 4046 solida
290 3986 499 4050 fundamenta
530 3986 641 4049 iacere.
687 3986 724 4049 ln
754 4009 818 4069 qua
847 3985 1053 4050 contentione
1078 3984 1317 4051 honestissima

167 4090 194 4152 si
228 4091 305 4172 quid
338 4114 394 4155 vos
428 4093 579 4156 adiuvare
613 4115 650 4154 ea
678 4092 882 4156 institutione
910 4091 1103 4174 poterimus,
1135 4092 1232 4157 ouius
1267 4101 1318 4159 sat

168 4197 260 4259 varia
290 4198 506 4261 iustrumenta
533 4197 618 4261 infra
644 4199 813 4280 proposita
841 4197 971 4279 videtis,
1003 4199 1036 4259 et
1059 4201 1170 4262 vestra
1200 4221 1319 4266 caussa

163 4307 195 4365 et
218 4310 329 4367 nostra
353 4305 573 4388 gaudebimus.
620 4302 746 4368 Valete.
