2962 5032
232 303 298 371 500
481 389 484 394 1
519 320 782 371 rnonneormnr
806 322 853 370 on
877 318 1085 372 simoninus

233 468 375 545 Quorum
399 488 548 533 versuum
573 472 688 553 quarto
712 467 808 532 facile
832 489 916 532 nunc
938 468 1133 552 perspicitur
1151 488 1253 551 quam
1273 491 1389 553 super·

232 597 406 640 vacaneum
429 575 716 658 transpositionem
740 573 904 639 Lomanus
928 575 1121 641 adhibuerit.
1168 574 1248 640 Non
1271 583 1388 641 autem

231 682 346 748 horum
370 684 404 747 in
427 705 597 747 numerum
621 704 659 745 ea
678 682 826 765 exempla
844 682 988 766 veniunt,
1011 704 1083 747 cum
1102 685 1135 747 in
1155 688 1278 767 quarta
1298 682 1389 747 thesi

232 789 380 855 desinens
404 789 596 854 vocabulum
621 788 755 853 elisione
779 788 929 853 ultimam
954 787 1115 872 syllabam
1139 790 1277 872 amittit,
1303 812 1389 874 qnae

232 898 260 962 si
283 919 349 962 non
372 896 554 978 elideretur,
577 895 659 959 nihil
682 895 723 958 ad
747 894 914 978 legitimae
938 916 1090 959 caesurae
1109 897 1315 981 elegantiam
1336 897 1390 960 de-

230 1008 331 1100 esset,
355 1009 392 1068 ut
415 1026 443 1069 v.
467 1002 540 1067 305.
564 1002 643 1067 326:

322 1144 386 1222 Qui
406 1145 504 1209 homo
534 1166 607 1208 cum
631 1145 739 1222 animo
764 1144 837 1208 inde
861 1145 901 1210 sb
925 1145 1056 1210 ineunte
1080 1147 1187 1211 aetite
1213 1147 1392 1232 depugnat

1085 1275 1153 1318 suo.

321 1342 530 1425 Adulescenti
559 1358 636 1423 hinc
666 1360 782 1443 ge'nere
813 1381 953 1442 summo,
985 1359 1089 1424 amico
1120 1365 1219 1445 atque
1253 1361 1396 1446 aequali

1084 1489 1171 1532 meo:

232 1612 417 1694 pariterque
447 1634 473 1675 v.
497 1610 571 1674 302.
599 1611 673 1674 313.
701 1610 774 1674 334.
803 1611 877 1675 367.
906 1611 980 1675 620.
1009 1611 1083 1677 626.
1107 1610 1181 1676 649.
1206 1612 1285 1677 699.
1314 1613 1392 1677 702.

233 1720 307 1784 857.
326 1719 400 1783 973.
419 1718 493 1783 982.
512 1717 586 1782 983.
605 1717 679 1781 986.
699 1717 772 1781 987.
792 1716 867 1781 988.
890 1716 982 1781 1126.
1006 1718 1104 1781 1144;
1127 1718 1248 1802 quibus
1269 1722 1390 1784 tamen

232 1846 297 1889 non
326 1846 419 1908 pares
448 1847 476 1889 v.
502 1823 575 1888 651.
599 1822 664 1887 690
693 1823 872 1906 horumque
901 1823 1038 1906 similes,
1070 1822 1221 1908 legitima
1247 1847 1392 1890 caesura

232 1952 345 1995 revera
368 1933 527 1994 carentes:

105 2093 230 2134 cmxxv
321 2057 360 2136 In
382 2072 453 2137 foro
477 2094 612 2157 operam
638 2072 752 2138 amicis
775 2074 830 2157 da,
853 2095 892 2137 ne
917 2075 951 2137 in
975 2073 1057 2138 le‘cto
1081 2075 1219 2158 amicae,
1244 2080 1282 2139 ut
1307 2077 1390 2141 soli·

1085 2186 1138 2245 tus
1162 2203 1205 2246 es.

321 2286 373 2351 Me
397 2308 584 2372 germanam
609 2284 717 2353 meam
741 2310 885 2352 sororem
904 2288 943 2356 in
966 2288 1216 2352 concubinatum
1241 2289 1318 2354 tibi.

231 2428 307 2494 Non
325 2431 429 2514 magis
449 2452 557 2494 rarum
579 2430 778 2514 posterius
803 2451 904 2515 genus
925 2434 983 2512 est,
1007 2430 1221 2494 adventiciam
1241 2431 1389 2514 plerum·

232 2559 294 2621 qne
326 2537 449 2601 habens
482 2537 629 2620 podicem
663 2559 827 2601 caesuram
861 2542 936 2620 post
968 2538 1102 2601 tertiam
1135 2537 1249 2601 arsim:
1289 2539 1388 2602 cuius

231 2643 310 2708 haee
334 2645 558 2708 e'l'rinummo
583 2644 730 2727 exempla
748 2644 861 2707 notavi
880 2666 909 2706 v.
924 2644 998 2708 358.
1018 2644 1093 2709 373.
1112 2644 1186 2706 604.
1208 2644 1285 2707 646.
1307 2646 1387 2710 661.

232 2751 305 2815 985.
334 2752 426 2815 1049.
454 2752 550 2815 1173:

322 2892 407 2968 Quoi
426 2898 462 2958 tu
486 2898 664 2980 egestatem
688 2895 825 2958 tolerare
849 2892 920 2956 uis?
948 2895 1079 2977 loquere
1103 2893 1256 2957 audacter
1280 2897 1383 2977 patri.

321 2997 396 3063 Scin
428 3006 463 3065 tu
496 3001 588 3065 illuni
620 3023 683 3086 quu
714 3004 831 3085 genere
863 3005 980 3085 gnatus
1012 2999 1076 3063 sit?
1123 2997 1206 3082 Scio,
1229 3001 1386 3084 adprime

1085 3107 1196 3189 probo.

321 3213 406 3288 Quoi
428 3215 551 3279 homini
575 3214 766 3298 desp6ndit‘?
791 3214 931 3298 Lysiteli
952 3214 1112 3278 Philtonis
1136 3210 1215 3277 filio.

322 3304 370 3383 hd
396 3322 617 3405 quaerundum
641 3322 812 3386 honorem:
845 3326 879 3384 tu
904 3320 1010 3385 fecisti
1035 3325 1071 3384 nt
1094 3321 1235 3384 difficilis
1261 3322 1361 3388 foret

322 3428 448 3510 Pe'rpeti
478 3432 613 3512 nequod:
647 3429 744 3492 simul
773 3450 824 3491 mc
852 3429 944 3511 piget
978 3429 1076 3510 [pipct
1106 3425 1222 3507 Trin.²]
1263 3452 1382 3512 pamm

1084 3534 1201 3616 pudere
1224 3539 1268 3599 te.

322 3641 562 3718 Quam6brem‘?
586 3641 669 3716 Quia
692 3643 783 3706 illum
808 3663 903 3725 quem
923 3642 1097 3705 ementitus
1117 3640 1197 3728 effi),
1220 3663 1283 3725 ego
1304 3668 1381 3710 suin

1059 3750 1148 3831 ipsus
1174 3745 1383 3816 Charmides.

322 3853 386 3930 Qui
407 3856 453 3919 nil
478 3857 599 3919 meriti:
633 3855 752 3940 quippe
776 3878 886 3920 eorum
913 3878 950 3918 ex
975 3855 1105 3938 ingenio
1130 3855 1297 3940 ingenium
1323 3858 1382 3924 ho·

1085 3967 1156 4025 rum
1181 3965 1336 4045 probant.

321 4069 510 4134 Miserumst
533 4070 617 4134 male
641 4070 820 4154 promerita
843 4075 879 4133 ut
898 4071 1013 4133 merita
1033 4070 1107 4152 sint,
1132 4072 1159 4133 si
1179 4070 1293 4135 ulcisci
1313 4077 1383 4138 n6n

1084 4178 1167 4242 licet.

321 4353 347 4419 *l
367 4354 539 4422 [ementitus
557 4355 583 4406 r's
602 4353 693 4407 Tria*
712 4372 773 4406 curn
793 4351 975 4407 Fleckeiseno
996 4353 1132 4408 ‘duriores
1152 4356 1294 4408 numeros’
1315 4373 1380 4410 cor-

233 4440 334 4511 rigenti
347 4441 356 4509 ]
