2962 5032
429 306 696 357 auannnmoms
720 288 926 358 rcnvmnnu.
1189 287 1254 354 429

84 447 234 517 habuit
279 448 387 517 Causa
418 452 504 517 enim
536 453 741 518 intermissae
769 451 1000 538 pronuntiandi
1031 451 1255 516 continuitatis
1277 475 1416 515 ccxxxix

91 579 182 623 cum
212 564 269 624 ant
296 560 332 624 in
361 561 583 625 sentcntiae
611 566 668 625 aut
700 561 734 624 iu
760 582 1005 626 numerorum
1036 559 1256 624 rationibus

93 666 218 748 posita
246 666 301 731 sit:
329 667 455 731 numeri
485 666 615 751 quidem
642 689 760 751 pansas
788 689 883 732 nemo
907 666 1009 730 nescit
1033 688 1104 730 eam
1128 670 1256 730 tantum

97 772 173 835 vim
197 772 316 837 habere
340 778 376 837 ut
401 773 577 838 admittant
599 773 735 857 hiatum,
757 795 822 838 non
846 777 882 838 nt
904 774 1070 857 requirant
1093 794 1256 856 umquam.

99 875 173 942 Sed
200 899 240 942 ne
268 902 288 943 a
316 880 478 945 sententia
506 880 633 965 quidem
662 881 733 964 plns
761 902 859 964 qnam
888 880 1129 945 excusationem
1153 878 1256 942 hiatui

99 988 258 1068 paratum
292 1007 362 1050 esse
401 986 639 1051 evidentissime
677 1009 787 1051 corum
826 987 1044 1069 exemplorum
1081 972 1256 1050 multitudo

100 1090 216 1176 docet,
247 1091 282 1157 in
310 1092 427 1176 quibus
455 1093 505 1157 vel
533 1093 714 1158 fortissima
741 1093 1008 1177 interpunctio
1038 1093 1169 1157 minime
1197 1092 1256 1155 im·

103 1197 215 1282 pediit
233 1199 408 1283 quominus
432 1200 560 1266 vocales
585 1200 809 1265 coalescerent.
851 1197 924 1264 Nou
949 1202 1058 1281 potest
1081 1196 1125 1275 (si
1149 1220 1168 1261 a
1192 1197 1255 1261 sin-

101 1304 277 1389 gularibus
306 1307 500 1390 quibusdam
530 1306 684 1391 exemplis
712 1304 896 1391 recesseris)
926 1306 1057 1389 gravius
1081 1303 1253 1368 divortium

101 1431 293 1476 sermonum
314 1414 450 1498 cogitari
471 1436 567 1499 quam
586 1413 670 1499 quod
690 1413 727 1477 fit
750 1413 966 1478 mutatione
989 1432 1255 1496 personarum:

100 1523 141 1581 et
165 1521 275 1583 tamen
299 1519 379 1583 haec
401 1519 474 1603 ipsa
497 1523 627 1584 tantum
651 1520 744 1584 abest
766 1524 886 1583 utnon
906 1519 1059 1583 admittat
1078 1516 1255 1599 elisionem,

101 1628 146 1688 ut
168 1646 241 1688 raro
265 1624 500 1710 neglectionem
531 1626 677 1691 elisionis
702 1626 877 1690 admiserit.
922 1625 994 1691 Duo
1018 1626 1121 1689 triave
1145 1647 1161 1687 e
1186 1624 1255 1688 Tri·

101 1751 242 1795 nummo
266 1733 412 1818 exempla
435 1734 663 1817 supraposui:
687 1734 718 1797 in
744 1733 938 1797 contrariam
962 1736 1089 1817 partem
1113 1730 1254 1795 eiusdem

102 1835 240 1901 fabulae
264 1839 391 1904 circiter
414 1840 650 1925 quinquaginta
673 1841 785 1905 valent
807 1839 1006 1904 huiusmodi:

202 1979 287 2057 Quid
311 1981 434 2045 edimus
458 1987 586 2047 nosmet
603 1983 732 2064 pastea?
756 1980 821 2047 LE.
844 1984 937 2046 etiarn
959 1986 995 2045 to
1019 1981 1131 2045 taces?

200 2086 235 2150 Si
263 2085 339 2171 quid
365 2088 416 2151 nis
444 2087 585 2153 Sicanae.
618 2087 678 2153 ST.
701 2089 759 2153 buc
782 2088 919 2154 concede
944 2088 1154 2170 aliquantum.
1187 2085 1255 2150 PH.

245 2224 248 2228 >
697 2196 756 2260 lice
774 2246 781 2259 .
1282 2192 1285 2199 ¹

197 2299 238 2363 Ili
262 2301 309 2364 rei
332 2301 524 2384 trgumcuta
546 2303 656 2367 (linoln.
679 2301 747 2367 PH.
759 2202 880 2366 trictdirc
903 2301 1014 2386 edepol
1038 2301 1138 2365 lubet.

198 2404 282 2481 Quid
304 2406 356 2471 is?
379 2408 503 2491 metae?
526 2407 592 2473 LY.
615 2410 697 2493 eget.
721 2407 789 2473 PH.
812 2409 969 2473 habuitne
991 2408 1079 2471 rori?
1108 2406 1173 2471 LY.
1197 2405 1252 2470 hai·

696 2516 777 2580 bnit.
801 2513 869 2579 PH.
889 2515 944 2598 qui
963 2536 1034 2579 eam
1054 2512 1216 2597 perdidit?

106 2654 221 2740 Atque
248 2655 362 2721 talium
391 2656 570 2742 frequentia
597 2679 635 2723 eo
664 2659 817 2723 maiorem
842 2657 881 2721 ad
905 2656 988 2720 hanc
1012 2678 1161 2722 caussam
1185 2655 1254 2719 nni·

102 2783 237 2826 versam
265 2769 351 2828 recte
374 2764 578 2829 indicandam
602 2766 665 2829 vim
690 2765 801 2848 habet,
829 2766 1051 2850 quo-aegrius
1075 2786 1135 2828 nos
1158 2761 1254 2826 hodie

103 2870 334 2954 perspicimus,
362 2871 416 2955 qui
445 2872 576 2936 tandem
603 2876 747 2954 veterum
776 2895 828 2937 ars
857 2871 936 2936 illud
960 2871 1163 2955 praestiterit
1186 2890 1253 2933 om-

103 2974 196 3057 nino,
218 2981 340 3042 utnon
363 2978 458 3042 nnius
481 2978 622 3043 hominis
647 3002 701 3044 ore
720 2981 869 3064 prolatae
888 2978 1016 3043 vocales
1036 2978 1159 3042 coirent
1181 2997 1252 3059 pro·

106 3081 303 3147 nuntiando:
327 3083 411 3168 quod
435 3085 565 3168 quidem
588 3108 673 3150 nnuc
696 3109 760 3151 non
785 3108 969 3170 persequar.

198 3187 322 3253 Similis
350 3194 472 3274 antem,
505 3184 701 3277 quamquam*
733 3216 797 3257 nou
830 3197 897 3257 tam
926 3191 1055 3256 evidens
1084 3211 1253 3274 argumen-

108 3295 193 3360 tatio
223 3295 297 3361 duci
327 3318 365 3361 ax
395 3298 748 3364 exclamationibus
780 3300 910 3381 poterit.
956 3296 1039 3362 Nam
1071 3297 1130 3360 etsi
1161 3318 1251 3359 nnm-

108 3424 206 3485 quam
236 3424 312 3467 sane
340 3405 390 3467 vel
419 3404 644 3489 monosyllaba
671 3428 688 3471 o
716 3406 752 3468 cb
780 3404 821 3468 ab
847 3405 890 3469 ba
917 3404 979 3467 nab
1002 3403 1130 3468 Incubet
1151 3424 1194 3466 aar
1217 3424 1252 3466 en

110 3508 161 3572 vel
188 3507 252 3572 also
277 3509 357 3573 noba
387 3510 459 3576 eben
483 3510 585 3598 (Trin.
609 3512 688 3598 503)
718 3513 797 3576 elisa
825 3515 915 3576 sunt:
944 3515 1053 3576 tamen
1081 3531 1145 3575 non
1173 3509 1254 3573 talia

108 3618 247 3699 tantum,
270 3617 364 3700 quale
388 3623 438 3682 est
460 3619 564 3702 baclo,
588 3620 641 3683 sed
667 3620 763 3683 etiam
788 3619 840 3683 cleo
865 3624 897 3684 et
919 3620 967 3682 ein
991 3616 1147 3699 rellicta,
1172 3637 1252 3700 quae
1269 3643 1326 3683 cxc

110 3726 224 3806 sirapte
252 3728 368 3788 natura
397 3725 510 3789 iubent
536 3726 675 3790 inhiberi
704 3748 827 3810 vocem,
855 3725 940 3788 haud
969 3747 1041 3788 raro
1070 3746 1143 3788 cnm
1171 3724 1253 3786 inse·

109 3831 221 3913 quenti
245 3831 347 3895 vocali
371 3833 569 3896 coaluerunt.
607 3831 707 3896 Velut
729 3832 781 3895 clio
805 3854 876 3896 cnm
897 3832 975 3897 alibi
994 3837 1064 3895 turn
1084 3830 1177 3913 Epid.
1196 3828 1253 3911 IV,

112 3939 145 4019 1,
167 3937 212 4001 40
239 3937 292 4001 ebo
320 3940 425 4023 istinc,
452 3938 549 4004 Poen.
571 3936 600 4020 Ι,
624 3940 658 4019 2,
682 3941 723 4002 51
753 3940 805 4002 cbo
828 3939 951 4020 cerroto,
980 3938 1021 4002 ib.
1050 3938 1108 4001 121
1134 3937 1187 4001 cbo
1210 3958 1253 4000 aa

109 4042 228 4125 iratus,
252 4042 309 4127 IV,
324 4045 354 4126 3,
371 4047 411 4114 14
429 4045 482 4109 ebo
501 4066 543 4108 an
561 4046 635 4122 ianr,
658 4044 738 4108 Rnd.
752 4044 794 4122 11,
815 4046 843 4126 7,
863 4046 906 4109 20
924 4044 976 4108 cbo
994 4063 1037 4107 an
1056 4048 1083 4106 tc
1099 4045 1253 4124 poenitet:

110 4171 187 4213 nam
215 4148 301 4215 'Prin
331 4151 396 4215 943
424 4151 567 4216 insiticia
595 4155 645 4215 est
673 4173 710 4215 ea
740 4150 900 4234 particula
925 4150 978 4230 [cf.
998 4172 1096 4233 snpra
1118 4173 1147 4232 p.
1172 4150 1251 4229 416]

110 4260 147 4320 ut
171 4255 251 4321 alibi
275 4256 480 4342 aliquotiens,
503 4256 637 4321 Poenuli
662 4261 769 4321 autem
791 4256 831 4340 V,
856 4257 885 4342 3,
912 4258 967 4320 17:

198 4400 286 4484 Eho,
315 4422 356 4463 an
383 4393 478 4463 hdins
508 4403 583 4463 sunt
611 4399 685 4463 illae
712 4396 830 4463 filiae?
861 4397 915 4463 cl.
939 4399 986 4462 ita
1013 4398 1060 4460 nti
1083 4397 1251 4482 praedicas
