2926 5040
256 309 320 373 508
544 324 809 372 rnonncousns
833 325 880 370 na
905 322 1116 371 usrronrsvs
1451 204 1457 405 1

256 467 437 532 Fatendum
465 471 514 530 est
542 471 651 531 tamen
682 468 768 531 ultra
796 487 1004 552 progressam
1033 487 1104 530 ease
1128 465 1215 530 artis
1239 465 1410 550 indulgen·
1451 416 1457 575 1

256 576 335 639 tiam
365 579 398 638 et
425 574 593 659 aliquanto
624 575 697 658 plus
726 575 889 638 libertatis
918 574 1053 638 senariis
1080 595 1183 659 quam
1213 573 1410 659 septenariis

256 682 290 745 in
314 704 448 747 caesura
476 683 543 746 sive
567 683 769 768 neglegenda
792 683 860 746 sive
884 681 1085 749 obscuranda
1108 681 1328 747 concessisse.
1372 672 1433 745 ln'

257 795 436 854 extremam
464 791 594 874 quidem
622 791 786 855 licentiam
810 791 964 875 nulloque
988 811 1121 874 prorsus
1144 792 1410 872 temperamento

248 897 392 967 ,lenitam
415 920 454 961 ea
476 897 611 962 libertas
635 898 667 962 in
691 902 807 962 neutro
832 918 949 983 genere
968 896 1079 961 vertit:
1103 917 1173 962 non
1194 894 1308 980 magis
1328 895 1412 960 enim

257 1027 353 1089 quem
378 1005 478 1067 talem
502 1003 721 1086 septenarium

98 1167 256 1208 ccnxxxrv
345 1146 417 1211 Neri
450 1147 505 1230 qui
537 1169 606 1211 rem
638 1148 744 1230 ipram
776 1149 889 1229 posset
918 1145 1156 1230 demonstrore,
1193 1134 1411 1211 thensaurdm

1108 1259 1220 1336 tuum,
1452 1266 1457 1329 1

256 1397 378 1461 similes
409 1419 561 1481 umquam
591 1397 736 1463 senarios
769 1419 823 1462 ars
856 1397 1022 1481 toleravit,
1055 1396 1170 1481 quales
1204 1396 1314 1462 futuri
1347 1398 1412 1462 sint
1452 1483 1457 1491 Ι

257 1503 311 1587 qui
335 1503 476 1568 librariis
501 1504 669 1588 debentur,
691 1527 756 1569 non
780 1509 908 1588 poetae:

347 1648 392 1711 At
416 1652 452 1711 ut
475 1647 673 1712 confidenter
698 1645 776 1711 mihi
800 1651 914 1712 contra
937 1646 1057 1711 estitit:

345 1752 470 1818 Erilem
493 1754 594 1818 filiam
618 1759 764 1818 nostram
789 1753 975 1818 sustellere:

347 1861 510 1937 Quoniam
533 1869 567 1925 r'e
591 1861 671 1925 bene
695 1860 831 1946 gestat*)
854 1860 976 1925 redisse
999 1863 1051 1924 me'
1074 1860 1204 1925 uident:

258 2002 365 2088 (Ospt.
388 2003 447 2087 ΠΙ,
471 2005 501 2087 5,
524 2006 553 2069 6.
591 2003 836 2085 01111118.
870 2001 973 2066 Stichi
996 2001 1189 2086 111‚1,10).
1220 2001 1317 2079 Quos
1341 2024 1413 2068 cum

258 2109 309 2172 vel
333 2131 434 2192 prava
457 2110 647 2193 oxytonesis
671 2109 811 2192 damnet,
835 2109 933 2172 etism
958 2108 1027 2171 sine
1051 2111 1205 2172 accentus
1230 2109 1415 2175 offensione

257 2221 367 2281 tamen
391 2216 527 2280 vitiosus
552 2220 622 2280 erat
646 2214 843 2280 Bacchidum
868 2235 980 2279 versus
1004 2214 1190 2295 225[257]:

347 2359 491 2433 Quamne
515 2341 800 2423 Archidemidem?
847 2359 952 2435 Quam
975 2356 1108 2441 inquam
1131 2356 1415 2442 Archidemidem,

258 2501 436 2565 rectissime
463 2501 491 2565 is
521 2501 561 2564 ab
586 2501 775 2567 Hermanno
803 2502 1011 2566 emaculatus.
1056 2501 1179 2566 Verum
1210 2501 1413 2568 hoc'tamen

257 2608 343 2671 inter
375 2608 520 2672 senarios
554 2610 819 2692 septenariusque
853 2608 1001 2691 interest,
1035 2606 1135 2691 quod,
1170 2630 1249 2672 eum
1282 2609 1318 2674 in
1349 2610 1414 2673 illis

259 2715 452 2779 sententiam
478 2716 657 2779 terminans
682 2737 743 2778 vor
768 2714 994 2798 monosyllaba
1017 2713 1203 2797 proximum
1231 2720 1313 2798 post
1335 2716 1414 2801 legi·

258 2824 372 2886 timsm
397 2845 561 2886 caesuram
586 2825 692 2887 locum
716 2844 872 2905 occupare
896 2826 1067 2905 propterea
1090 2826 1204 2903 posset
1228 2823 1320 2906 quod
1341 2845 1413 2886 eum

258 2929 364 3012 ipsum
390 2931 422 2993 in
447 2931 553 2995 locum
578 2930 700 2994 vicaria
723 2951 855 2994 caesura
879 2927 1000 3010 incidit,
1024 2951 1049 2992 e.
1073 2951 1099 2991 c.

348 3070 423 3135 Scin
451 3077 487 3135 tu
517 3074 608 3142 illum
638 3094 701 3156 quo
731 3072 845 3154 genere
875 3075 992 3155 gnatus
1022 3069 1088 3134 sit?
1135 3069 1229 3153 Seio,
1263 3073 1411 3157 adprime'

1110 3178 1228 3260 probo,

259 3319 460 3382 consimilem
485 3343 596 3383 vocem
626 3321 887 3405 monosyllabam
913 3320 1010 3385 etiam
1036 3319 1205 3403 proximus
1231 3328 1312 3406 post
1335 3324 1409 3409 legi·
1455 3362 1457 3408 l

260 3426 372 3489 limam
393 3428 656 3513 semiquinarinm
676 3431 765 3493 locus
786 3429 907 3510 recepit
927 3427 1074 3511 quamvis
1095 3427 1240 3493 vicariae
1262 3451 1410 3494 caesurae

259 3535 496 3599 excusationem
536 3559 601 3600 non
639 3536 771 3600 habens.
825 3535 869 3600 Et
907 3534 1064 3619 quaedam
1102 3556 1182 3599 sane
1221 3535 1408 3602 huiusmodi
1454 3582 1457 3631 :

258 3745 320 3781 nem
341 3729 442 3784 imiter.
473 3730 502 3782 ln
523 3729 627 3783 talibus
648 3732 741 3784 cutem
762 3729 903 3784 sciendum
924 3731 967 3782 est
986 3744 1052 3797 prae
1067 3727 1170 3782 ultima
1186 3730 1409 3798 praeponderare
1455 3703 1457 3720 Ι

258 3818 530 3888 semiseptenariem,
556 3837 623 3888 prae
643 3821 696 3873 hae
716 3818 957 3887 semiquinariam‚
983 3816 1025 3871 ita
1043 3816 1159 3885 quidem
1180 3822 1228 3886 ut,
1260 3836 1408 3889 (11100310-

258 3906 343 3960 vioris
362 3925 493 3962 caesurae
517 3909 639 3977 pondere
664 3909 801 3975 elevetur,
826 3909 861 3962 ad
880 3906 998 3976 pedicae
1017 3905 1206 3974 exiguitatem
1229 3907 1409 3978 deprimetur.

150 4013 154 4022 ·
258 3994 319 4048 Nisi
338 3995 545 4065 quodpropter
564 3995 724 4066 insignioris
744 3996 799 4049 viru
820 3995 1053 4066 interpunctionis
1073 3994 1317 4066 semiseptenaria
1335 4013 1409 4068 pree·

258 4085 335 4138 velet
353 4104 378 4137 v.
401 4091 458 4139 195.
482 4092 539 4141 182.
560 4093 624 4139 527:

418 4193 492 4246 lstiic
511 4193 641 4248 uolebam
662 4196 739 4248 scire.
769 4193 779 4246 i
798 4210 864 4247 sane
883 4196 955 4247 minc
975 4191 1039 4245 iam.

419 4282 463 4335 llli
482 4281 587 4336 redemi
606 4285 715 4350 nisum,
735 4301 752 4337 a
771 4300 816 4337 me
834 4285 980 4352 argentum
999 4280 1073 4335 dedi.

419 4371 578 4426 Consuadet
595 4371 717 4437 homini,
737 4372 827 4426 credo.
857 4370 909 4430 etsi
931 4369 1066 4425 scelestus
1086 4374 1138 4426 est.

348 4461 372 4528 *)
391 4461 486 4531 [sana
505 4474 601 4515 osser
619 4475 658 4513 ns
678 4459 726 4530 rt]
