2962 5032
429 225 694 275 ausnuamoms
717 225 925 273 PLAVTINAE.
1183 204 1247 269 369

103 370 241 435 maioris
264 368 464 453 integritatis
489 369 627 453 speciem
650 369 851 433 mentiantur
874 370 1009 450 tantum,
1033 387 1146 449 reapse
1170 364 1249 428 adeo

103 479 294 563 graviorem
317 476 603 561 interpolationem
625 497 739 560 passae
764 477 842 541 sint:
867 475 953 560 quod
976 479 1013 539 ut
1036 472 1163 538 credam
1186 493 1251 536 non

103 583 197 648 leves
227 606 278 648 me
308 605 442 648 caussae
473 585 618 647 movent:
655 586 783 647 tantum
812 581 1110 666 exploratissimum
1137 578 1251 661 habeo,

104 713 183 755 eam
205 691 445 774 correptionum
467 689 724 772 multitudinem,
752 711 849 773 quem
878 689 913 753 in
936 687 1169 753 schediasmate
1193 706 1251 749 suo

106 819 213 882 aequo
241 797 351 862 animo
378 794 546 862 Bentleius
573 796 663 880 tulit,
696 819 715 860 a
743 794 895 860 Plautina
924 794 1052 879 quidem
1083 795 1151 857 arte
1183 813 1253 857 esse

106 904 352 970 alienissimam.
404 902 607 987 Quamquam
638 903 737 968 etiam
767 902 852 986 apud
881 900 1068 966 Terentium
1101 898 1253 984 quantilli

106 1011 236 1097 negotii
263 1013 320 1075 aut
347 1010 522 1094 quantillae
551 1031 671 1094 quaeso
701 1009 854 1074 audaciae
884 1013 947 1092 est,
979 1008 1124 1074 velutin
1149 1007 1254 1090 prima

109 1116 255 1182 Andriae
283 1138 401 1183 scaeua
428 1116 560 1182 duriora
587 1117 646 1181 illa
672 1123 701 1181 et
726 1118 763 1181 td
786 1122 924 1200 pratum,
956 1117 1009 1182 sed
1029 1115 1081 1180 tte
1103 1113 1182 1178 mibi
1209 1113 1255 1177 sic

107 1245 288 1289 removere:

202 1365 248 1430 Et
269 1366 399 1451 gnitum
421 1361 581 1431 id'fuisse
605 1367 779 1432 adudrsum
803 1369 835 1430 te
858 1366 963 1431 habeo
986 1366 1134 1452 greitiam.

205 1469 267 1536 Sed
288 1470 350 1536 hcc
373 1471 590 1536 molestumst:
613 1473 689 1536 nam
712 1472 812 1537 istaec
836 1473 1110 1537 commemoratio.

112 1612 179 1678 Vel
205 1613 240 1677 in
266 1614 372 1697 prima
401 1635 518 1679 scaena
542 1612 713 1698 Adelphon
742 1614 926 1700 graviorem
950 1615 1049 1679 etiam
1073 1614 1190 1679 horum
1213 1613 1258 1679 of·
1273 1632 1349 1674 cxur

114 1718 308 1784 sensionem:
343 1722 430 1786 omdt
456 1721 581 1786 dabitur
608 1743 629 1785 a
656 1743 704 1787 me
730 1727 904 1805 arpentum,
932 1720 1032 1786 studit
1052 1743 1116 1804 por
1137 1723 1259 1802 referre,

115 1826 189 1911 quis
213 1826 376 1893 dubitabit
398 1827 460 1892 hac
484 1827 707 1891 emendatione
730 1827 857 1892 tollere:

208 1967 321 2034 Amat:
346 1970 365 2033 a
388 1991 440 2034 me
464 1972 633 2054 argeutum
657 1968 794 2053 dabitur,
817 1969 894 2033 dum
918 1971 979 2034 erit
997 1970 1211 2036 cdmmodum.

208 2073 321 2140 Studet
343 2075 477 2141 referre:
500 2078 656 2160 praesens
680 2077 860 2160 absensque
884 2074 970 2141 idern
994 2077 1069 2141 erit:

117 2219 309 2302 praesertim
336 2241 410 2283 cum
438 2220 632 2302 compererit
657 2219 692 2282 in
720 2218 792 2283 aliis
821 2219 914 2284 libris
944 2241 1013 2284 esse
1037 2217 1196 2301 perpuri
1217 2237 1262 2280 re·

116 2323 207 2405 serre,
229 2324 265 2389 in
283 2325 358 2390 aliis
372 2346 435 2408 per
446 2326 568 2407 referre,
591 2325 686 2408 unde,
708 2325 868 2409 quomodo
888 2326 1025 2392 creverit
1043 2324 1263 2408 interpolatio,

119 2433 289 2515 tamquam
316 2432 350 2496 in
378 2431 489 2497 oculos
517 2431 662 2496 incurrit.
707 2429 756 2495 De
780 2433 931 2516 qualibus
954 2433 1020 2497 iam
1044 2432 1121 2497 olim
1144 2429 1264 2511 monui,

121 2559 196 2602 eum
208 2536 276 2637 “de
300 2538 524 2603 emendatione
536 2537 732 2602 'fabularum
747 2537 1028 2603 Terentianarum'
1045 2537 1264 2602 Vratislaviae

122 2667 151 2708 a.
174 2660 467 2711 clolocccxxxvm
491 2645 548 2724 [=
563 2642 678 2727 Opusc.
702 2644 781 2727 phil.
802 2644 854 2709 ΙΙΙ
876 2668 906 2729 p.
921 2645 984 2711 281
998 2647 1078 2728 sqq]
1104 2665 1264 2710 commen·

123 2755 213 2816 tatus
237 2773 316 2815 sum.
329 2747 361 2836 *)
407 2750 469 2814 His
498 2754 607 2815 autem
635 2750 732 2832 plane
756 2751 930 2835 gemellum
953 2752 1148 2835 exemplum,
1180 2751 1265 2836 quod
1280 2770 1343 2810 cxx

123 2857 304 2923 Trinummi
328 2879 358 2921 v.
384 2856 445 2921 109
470 2857 636 2921 exstabat:

212 3030 300 3101 ·)1bi
319 3030 351 3102 [l
371 3049 393 3086 s.
412 3051 433 3086 s.
453 3050 480 3102 p.
499 3032 631 3103 ttsssq.],
655 3035 687 3087 ut
704 3034 758 3088 hcc
776 3033 891 3101 addam,
914 3050 949 3089 ne
972 3050 990 3086 a
1008 3034 1134 3090 codicum
1154 3032 1267 3103 quidem

125 3118 296 3177 anctoritate
314 3119 400 3175 fidem
416 3119 522 3176 habere
540 3121 619 3175 velut
636 3121 689 3176 hos
707 3122 865 3178 horridulus
883 3123 1037 3178 versiculos
1052 3123 1134 3180 docui
1148 3122 1267 3193 Adelph.

124 3210 197 3280 prol.
215 3216 233 3264 4
251 3211 281 3265 et
296 3210 318 3278 1,
338 3215 362 3277 1,
382 3214 429 3264 15:

287 3314 393 3370 Indicio
412 3316 447 3369 de
467 3332 496 3370 ee
515 3315 576 3386 ipse
595 3316 660 3382 e'rit,
679 3331 728 3373 uos
747 3316 824 3372 eritis
842 3316 957 3373 iddices.

286 3406 379 3474 Atque
398 3405 432 3458 ex
449 3421 494 3459 me
512 3404 560 3460 hic
578 3407 660 3461 uatus
678 3409 734 3460 ntn
753 3407 808 3473 est,
827 3406 875 3462 sed
894 3424 927 3462 ee
943 3409 1039 3474 fratre.
1059 3408 1083 3460 is
1101 3406 1184 3461 adeo:

128 3529 246 3584 qnorum
268 3508 423 3582 posteriore
447 3510 482 3565 ad
506 3509 714 3567 intolerabilem
738 3514 902 3580 quattuor
924 3513 1138 3570 consonantium
1162 3527 1270 3581 correp-

127 3602 234 3656 tionem
257 3597 368 3658 accedit
389 3598 494 3655 vitiosa
517 3599 638 3654 admisso
662 3599 691 3653 in
715 3599 843 3668 quintum
866 3601 965 3668 pedem
989 3603 1101 3672 dactylo
1120 3599 1271 3670 diremptio

129 3689 329 3746 vocabulorum
343 3699 388 3742 „c
400 3689 411 3757 l
422 3712 468 3739 υυ
478 3730 504 3755 -,
523 3687 611 3741 multo
629 3687 681 3740 illa
699 3688 788 3758 magis
807 3687 929 3743 insolens
948 3708 1033 3759 quam
1047 3692 1117 3746 haec
1131 3704 1218 3744 ,cco
1234 3692 1238 3762 Ι
1254 3734 1271 3744 .

128 3776 159 3832 in
177 3777 332 3833 Trinummi
350 3796 376 3831 v.
397 3782 461 3832 651:
490 3777 635 3831 attolitur
653 3793 692 3842 ca,
716 3776 761 3830 vel
780 3776 898 3846 Adelph.
919 3779 940 3846 l,
961 3785 985 3845 1,
1005 3786 1034 3832 4:
1063 3796 1094 3833 ea
1111 3781 1200 3834 satius
1225 3784 1271 3834 eet.

131 3865 224 3931 Quare
247 3865 315 3937 ipsis
338 3865 473 3921 librorum
498 3863 624 3935 vestigiis
647 3866 742 3934 eisque
761 3881 795 3920 ex
814 3867 893 3935 parte
913 3883 1025 3936 prorsus
1044 3867 1214 3937 manifestis,
1243 3869 1273 3922 et

130 3953 390 4023 antiquissimorum
414 3954 528 4023 quidem
551 3955 774 4024 optimorumque
798 3954 946 4026 librorum,
974 3973 1040 4011 usus
1065 3974 1126 4010 sum
1145 3956 1180 4011 ad
1199 3957 1273 4011 hanc

130 4042 253 4112 speciem
272 4057 402 4098 versuum
421 4042 534 4098 illorum
554 4042 814 4098 commendandam:

292 4148 397 4204 Indicio
416 4149 451 4203 de
471 4165 500 4203 se
519 4148 589 4218 ipse,
609 4151 638 4203 et
655 4166 705 4203 uos
724 4148 803 4203 eritis
820 4151 935 4207 iddices.

292 4239 383 4307 utque
403 4239 436 4291 ex
455 4255 499 4292 me
519 4237 565 4292 hic
584 4239 665 4291 natus
684 4241 741 4292 non
760 4241 811 4306 est,
830 4240 878 4294 sed
897 4239 985 4294 fratre
1004 4242 1037 4294 dx
1056 4258 1131 4296 meo:

293 4325 429 4382 Disslmili
447 4326 471 4380 is
491 4326 613 4381 studiost
630 4326 686 4381 iam
705 4328 769 4382 inde
788 4329 824 4384 ab
844 4329 1043 4386 adulescentia.

187 4433 228 4470 rs.
248 4433 397 4470 umscauuu
416 4431 553 4470 crescunt
572 4433 597 4469 v.
1028 4423 1063 4472 ‘24
