2962 5032
393 337 463 386 ovo
488 336 750 385 raooananarn
774 336 956 383 parvane.
1179 318 1243 382 559

139 485 191 533 260
211 479 322 547 Ecquid
343 479 451 547 prot-iae
472 493 552 547 onom
574 478 628 531 tene
649 477 731 544 soros
748 481 773 530 te
795 477 916 531 enorum.
953 477 1010 531 iam
1032 492 1099 529 esrem
1117 492 1157 529 me
1175 475 1247 529 decet

954 565 1056 619 dotmri

211 657 287 713 Oodo
301 657 365 711 nini
377 656 497 720 ueteris?
531 655 660 709 diodori
676 655 747 709 nihil
765 655 915 725 respondes.
952 670 1046 707 nnana
1063 653 1128 707 lenio
1146 654 1247 707 excidit

953 747 985 795 nt
1003 758 1050 811 epo
1067 742 1173 810 opinor.

103 877 155 924 245
188 872 262 937 [atla
285 873 350 935 sant
373 869 457 925 etiam
482 869 600 924 CDFZ:
626 868 764 938 glossema
782 884 843 922 esse
862 867 1036 922 Hermauuus
1054 865 1139 933 vidit,
1168 865 1246 921 ouius

103 961 173 1014 haee
192 962 236 1014 est
253 960 353 1013 borum
372 975 501 1013 versuum
519 956 680 1027 discriptio:

318 1084 410 1149 Olent,
428 1088 538 1152 tenuere
555 1085 587 1136 dt
604 1098 661 1137 non
679 1084 759 1137 nelis.
788 1127 794 1138 .
824 1126 830 1137 .
859 1126 865 1137 .

318 1173 388 1227 Item
406 1189 456 1233 nos
473 1188 581 1227 snmus:
599 1174 658 1226 eins
675 1173 786 1226 sernine‘s
803 1173 928 1225 mutieres
946 1176 1020 1237 snat,

318 1262 447 1315 [mittans
465 1261 610 1316 admodum
629 1263 708 1330 citone
725 1261 900 1314 innenststate
917 1259 1047 1330 [plenae]

423 1349 490 1404 Sine
508 1351 646 1404 mnnditia
665 1355 690 1403 et
707 1352 825 1418 srtmpta.

104 1475 197 1528 itidem
217 1475 249 1527 R.
287 1474 350 1528 item
368 1472 433 1528 libri
541 1480 593 1528 246
620 1473 694 1528 Eius
712 1476 834 1543 aminis]
853 1474 1011 1539 einseeneods'
1030 1473 1076 1525 ΡΖ
1184 1474 1248 1528 Nou

104 1566 222 1634 possunt
239 1562 310 1616 haee
330 1563 416 1616 verba
434 1561 558 1617 eiusdem
576 1565 676 1631 poetae
696 1580 768 1630 esse,
792 1562 869 1617 cuius
888 1565 951 1617 item
968 1580 1018 1618 nos
1035 1578 1129 1617 snmus
1147 1565 1214 1617 sunt

195 1659 246 1706 247
266 1653 418 1719 Lacunam',
437 1650 515 1705 cuius
534 1651 702 1721 significatio
719 1651 750 1704 in
768 1651 828 1705 solo
848 1650 871 1703 B
888 1651 929 1721 fit,
948 1651 1029 1707 licuit
1046 1653 1101 1707 hoo
1119 1652 1247 1721 exemplo

105 1744 248 1812 supplere:
399 1794 404 1801 .

267 1831 397 1885 Imrtlsoe
414 1829 575 1895 admodum,
593 1829 811 1899 [incommodae]
829 1831 909 1898 citone
926 1831 1096 1911 innendetae.

209 1956 371 2021 innennttue
396 1954 423 2007 Z.
465 1955 639 2019 innennllute
658 1953 744 2009 etiam
763 1952 850 2020 coa,
878 1956 1052 2024 innennstote
1070 1955 1125 2020 Do,
1153 1956 1185 2009 in
1203 1973 1248 2010 ae·

104 2045 253 2111 nnstoteF
375 2049 427 2099 248
445 2045 588 2099 mundicia
607 2042 711 2097 ODFZ
833 2050 885 2099 249
910 2044 1003 2114 Coena
1020 2046 1059 2109 est
1077 2043 1142 2098 libri
1253 2109 1259 2119 .

104 2152 151 2206 epo
170 2134 264 2190 om.F
374 2140 426 2188 250
445 2138 615 2188 macerentur
633 2131 662 2186 F.
690 2138 824 2188 macerent
843 2134 1017 2189 Camerarius
1124 2135 1250 2188 molestas

104 2222 278 2277 scribebatur
297 2224 362 2276 ante
381 2222 571 2276 Hermannum
710 2227 761 2276 251
773 2239 812 2290 sq.
838 2221 877 2275 sie
896 2222 921 2275 a
938 2222 1039 2277 deletis
1058 2222 1249 2292 glossematis:

105 2311 171 2366 libri
190 2314 222 2366 ut
240 2312 271 2381 B,
299 2310 353 2365 uisi
373 2311 448 2380 quod
465 2313 497 2366 in
516 2329 569 2367 om.
590 2311 649 2379 FZ,
672 2316 705 2365 nt
722 2311 752 2367 id
769 2328 821 2380 pro
840 2312 913 2365 nitio
931 2311 1037 2366 babent
1054 2309 1113 2365 OD,
1149 2317 1193 2367 aot
1211 2314 1249 2365 e‘st
1325 2359 1330 2367 .

106 2401 195 2454 elicere
214 2399 296 2464 ditos,
314 2400 324 2468 fl
341 2398 386 2453 Ne
408 2400 509 2453 rrdsnret
527 2400 670 2469 laquei-ram
688 2400 771 2454 etidm
789 2400 861 2454 nitio
879 2399 975 2454 ndat-ra
993 2399 1112 2455 Reizius.
1149 2406 1192 2455 sat
1211 2402 1249 2454 est

105 2490 194 2544 dicere
213 2490 305 2558 aliosi}
320 2489 400 2543 istrie
417 2490 505 2554 nobis,
522 2491 558 2543 ne'
573 2493 675 2543 nosmet
692 2489 787 2543 ndstra
801 2489 882 2543 etiam
896 2489 968 2543 nr'tia
982 2490 992 2557 n
1005 2488 1166 2559 Loqndmnr
1179 2488 1247 2544 Her-

105 2596 226 2633 mannus
244 2578 320 2633 olim.
356 2583 401 2632 sat
418 2581 457 2633 tet
475 2580 546 2632 istae
564 2579 647 2632 citios:
664 2578 674 2646 l
691 2578 736 2633 Ne
752 2579 854 2632 ndumet
871 2594 946 2633 nense
964 2579 1059 2633 ndstra
1077 2580 1158 2633 etiam
1176 2580 1250 2632 attia

104 2669 263 2737 etoqndmnr
280 2667 356 2722 idem
373 2684 462 2737 nuper
604 2673 655 2721 253
685 2666 798 2737 Qrsieseo
821 2682 890 2736 erpo.
917 2668 972 2723 AD.
990 2682 1051 2721 anto
1070 2666 1245 2723 Gulielmius.
1260 2684 1322 2724 vm

108 2758 229 2827 Quiesce.
248 2759 300 2810 Aa.
320 2774 382 2827 erpo
401 2773 462 2811 omo
480 2757 526 2811 ΡΖ
546 2757 575 2810 et
594 2773 656 2810 eum
674 2755 777 2809 lacuna
794 2772 845 2826 pro
863 2771 999 2825 personae
1017 2756 1085 2811 uota
1104 2754 1155 2809 OD

106 2853 143 2900 te.
153 2847 210 2909 fed.
223 2889 229 2900 .
241 2888 265 2900 ..
288 2844 373 2915 vulgo
392 2847 587 2899 Arserusnssro
606 2843 803 2898 continuantur
822 2860 884 2897 eum
903 2842 998 2912 libris,
1019 2846 1248 2898 Anusrassums

106 2935 200 2988 autem
220 2933 418 3002 praescribitur
436 2936 501 2989 ante
522 2933 623 2987 Omnia
710 2933 759 2987 boc
778 2950 837 3001 sup.
857 2949 908 2987 ser.
929 2931 949 2985 C
1027 2938 1079 2986 254
1099 2933 1144 2987 Sia
1163 2933 1249 2987 malui

107 3040 192 3092 quam
212 3039 311 3092 parum
330 3022 474 3092 eleganter
492 3038 556 3076 oum
575 3009 667 3075 libris:

675 3147 722 3200 sed
738 3147 787 3201 tide
804 3162 880 3200 nnnc
897 3147 1028 3216 responde

270 3235 359 3290 Mitt:
376 3240 441 3290 snat
458 3236 504 3291 trie
520 3236 622 3303 rimatio,
640 3252 709 3305 qaae
727 3235 764 3291 ad
782 3235 861 3290 datm
873 3250 970 3304 paean
988 3236 1091 3304 opdrtet

267 3323 389 3380 Ade'sse?

108 3456 161 3505 aba
189 3449 303 3503 Manat:
332 3464 393 3502 cnm
416 3464 486 3510 esna,
511 3449 685 3505 intercidisse
713 3448 826 3503 eonieei.
868 3450 989 3505 Adesse?
1012 3449 1086 3505 Anu.
1109 3448 1250 3512 accaroni,

109 3537 202 3592 deleto
226 3538 333 3604 omnia,
358 3553 421 3591 eum
445 3537 549 3593 Bothio
572 3539 747 3593 Hermauuus
770 3554 866 3607 nuper.
909 3538 1014 3604 Quodsi
1037 3537 1172 3592 dimetrus
1195 3535 1249 3590 l'or-

110 3626 228 3680 mandus
247 3624 292 3694 sil,
311 3625 409 3680 malim
428 3627 519 3681 adesse
536 3626 676 3682 infinitivo
695 3628 820 3681 extruso:

268 3750 381 3804 Adsdnt
399 3753 492 3805 amesia
510 3752 567 3816 ln'e,
585 3768 654 3819 qnae
672 3752 710 3805 od
728 3752 807 3805 desim
821 3769 916 3820 pacem
935 3750 1059 3821 oportet?

348 3841 420 3895 Anu.
442 3840 542 3894 Omnia
560 3856 606 3908 epo
624 3842 764 3895 uemrdni.

110 3964 213 4018 Contra
230 3964 408 4019 hexametros
427 3965 601 4018 Hormanuus
618 3963 686 4018 olim
706 3964 897 4034 discripserat:

216 4088 382 4158 Loanimnr.
413 4089 532 4159 Quiesce.
561 4089 639 4159 Erpa
658 4089 719 4143 anre
737 4093 769 4145 te.
797 4090 843 4143 sed
861 4090 910 4143 tnie
928 4105 1002 4144 nnnc

215 4176 359 4246 Respdnde
382 4178 464 4231 milet:
499 4182 565 4232 sant
589 4179 633 4231 leie
657 4178 763 4245 oranda,
789 4194 867 4246 qnae
882 4176 974 4232 oense
996 4178 1034 4232 ad
1056 4179 1134 4232 desim
1157 4195 1250 4247 paeon

959 4266 1082 4334 opdrtet?

218 4340 320 4409 Omnia
345 4371 392 4424 epo
417 4357 558 4410 aesernini.
596 4355 677 4409 Die'nr
698 4356 828 4423 pntcnem
852 4359 877 4410 ct
902 4356 1027 4410 edebrem
1051 4361 1075 4410 et
1099 4358 1252 4411 esmdstotis

956 4446 1077 4513 pltnnm.
