2962 5032
465 210 730 258 nnnunr'nonrs
755 212 961 259 curvemus.
1220 196 1285 262 437

127 349 365 435 increpandae.
421 351 483 418 Sed
517 356 600 435 esto,
633 357 670 418 ut
702 353 749 418 sic
782 353 921 418 hiaverit
953 353 1105 419 Naevius.
1160 356 1286 441 Opponi

128 464 251 524 autem
275 459 434 525 bonorum
457 461 701 545 peritorumque
725 466 894 544 poetarum
914 462 1124 547 multitudini,
1147 464 1285 546 quinon

127 565 205 632 nisi
228 567 376 632 consulto
400 570 433 631 et
456 567 553 631 certis
573 566 814 632 condicionibus
835 589 942 632 raram
962 568 1087 634 hiatum
1107 573 1142 632 ut
1160 569 1286 634 Ennius

131 671 206 737 sibi
234 673 441 758 indulgeant,
472 672 554 738 tales
583 677 696 758 poetas
726 678 874 758 apparet,
906 698 987 760 quos
1011 676 1091 741 artis
1115 674 1225 759 inopia
1248 697 1285 740 eo

134 777 289 864 adegerit
311 783 348 844 ut
371 781 400 845 si
423 781 545 845 vellent
564 803 675 846 versus
695 781 821 846 efficere
841 782 984 866 omnino,
1008 786 1040 846 et
1064 782 1192 846 crebros
1217 780 1284 845 hia-

134 889 195 949 tus
220 889 252 950 et
273 888 475 971 promiscuos
500 888 598 953 etiam
620 887 768 953 nolentes
793 889 856 953 sibi
880 889 965 954 elabi
984 893 1183 972 paterentur:
1207 912 1284 974 qua·

133 991 181 1056 lis
200 991 301 1058 fuisse
314 993 458 1059 Naevius
477 993 603 1059 dieitur.
635 992 721 1059 Nam
746 994 844 1059 etiam
869 1015 985 1078 genere
1009 1017 1142 1079 prorsus
1166 994 1284 1060 diversi

137 1102 220 1163 sunt
241 1097 399 1165 Naeviani
427 1098 535 1164 hiatus
558 1100 608 1164 illi
631 1090 693 1183 quc*
718 1102 854 1166 uccdlitis
877 1104 910 1165 et
933 1100 1028 1167 Graii
1050 1101 1153 1185 abac,
1186 1104 1283 1185 atque

135 1202 338 1271 Graecorum
362 1207 507 1290 exemplo
531 1207 663 1291 probati
686 1207 789 1289 Sapit
812 1210 925 1273 iscariote
948 1204 1045 1293 (quae
1070 1208 1167 1272 verba
1190 1230 1283 1272 voca·

139 1313 182 1377 lis
214 1310 422 1398 sequebatur)
453 1318 487 1377 et
515 1311 623 1379 ecsiae
651 1317 698 1378 ia:
736 1313 775 1378 ad
800 1315 884 1398 quod
913 1335 1016 1398 genus
1040 1314 1144 1378 solum
1168 1314 1283 1379 ultima

139 1420 240 1485 verba
263 1417 427 1486 Ciceronis
450 1424 599 1503 spectant
620 1419 675 1485 boc
697 1422 777 1484 idem
799 1421 912 1485 austri.
928 1471 934 1484 .
950 1470 956 1484 .
971 1420 1089 1502 ‚soleat
1118 1420 1187 1485 Iam
1206 1442 1282 1486 vero

143 1525 222 1611 quid
245 1530 295 1590 est
316 1526 457 1609 tandem,
481 1548 611 1611 quaeso,
635 1549 785 1591 curcum
809 1525 933 1592 Naevio
958 1527 1185 1610 potiusquam
1210 1548 1282 1592 eum

138 1633 198 1714 eis,
220 1632 274 1717 qui
297 1655 363 1697 uon
387 1633 513 1698 sordere
537 1632 705 1698 Naeviano
730 1655 818 1697 more
842 1634 1033 1716 maluerunt,
1056 1632 1207 1698 Plautum
1230 1635 1280 1700 vel
1296 1657 1389 1698 cxcix

139 1762 201 1805 nos
234 1740 392 1804 sociemus
424 1739 475 1804 vel
508 1739 706 1825 cogitatione
740 1741 879 1804 sociasse
904 1738 1091 1804 Ciceronem
1124 1746 1283 1824 putemus,

139 1847 172 1910 b.
198 1869 223 1910 e.
251 1868 325 1911 eum
353 1845 542 1930 scriptorem
567 1846 622 1930 qui
646 1847 899 1931 neglegentioris
924 1847 1003 1910 artis
1027 1848 1175 1932 exemplo
1198 1847 1282 1913 Nae-

134 1954 191 2017 vio
214 1956 333 2037 utatur,
355 1975 420 2018 non
444 1957 555 2017 utatur
577 1951 718 2017 Plauto?
764 1950 847 2017 Nam
872 1975 910 2017 ex
934 1976 981 2037 eo,
1005 1954 1089 2038 quod
1114 1976 1187 2018 cum
1210 1955 1281 2038 ipso

134 2059 246 2125 Ennio
268 2082 328 2125 nec
351 2061 458 2143 poesis
482 2081 584 2144 genus
607 2080 665 2123 nec
688 2081 759 2123 cum
783 2059 844 2124 hoc
868 2061 1073 2125 coniunctum
1093 2080 1194 2144 genus
1214 2060 1282 2124 hia·

133 2172 189 2231 tus
213 2165 348 2232 Plautus
372 2188 541 2232 commune
565 2166 675 2249 habet,
698 2188 763 2230 uon
787 2167 993 2249 consequitur
1012 2167 1157 2250 prolecto
1175 2167 1282 2252 negle-

138 2273 284 2359 gentiam
312 2294 383 2337 eum
414 2294 484 2337 cum
516 2295 554 2338 eo
585 2277 681 2356 pocta
712 2294 915 2336 communem
944 2272 1110 2355 habuisse,
1143 2295 1281 2358 quocum

134 2380 244 2463 poesis
264 2401 390 2465 genere,
413 2379 467 2444 sed
489 2382 526 2443 ut
544 2379 705 2443 recentior
723 2401 796 2443 cum
819 2378 994 2443 vetustiore
1014 2380 1204 2445 coniunctus
1224 2384 1281 2445 est.

136 2487 191 2551 An
219 2487 357 2551 similem
385 2491 483 2569 atque
510 2486 544 2549 in
566 2484 691 2550 Naevio
719 2485 784 2549 fuit
812 2485 891 2549 artis
915 2485 1059 2570 inopiam
1082 2487 1131 2550 vel
1155 2487 1187 2550 in
1212 2487 1281 2551 hia·

136 2599 230 2657 tuum
253 2593 385 2657 licentia
408 2592 459 2657 uel
484 2591 517 2654 in
541 2592 614 2656 aliis
638 2592 786 2676 partibus
809 2591 954 2676 poeticae
979 2614 1045 2657 non
1069 2593 1203 2676 centeni,
1226 2592 1280 2657 sed

134 2699 261 2764 milleni
293 2722 406 2764 versus
435 2698 579 2763 Plautini
609 2698 750 2784 produnt
780 2702 874 2762 tanta
904 2704 936 2762 et
965 2699 1123 2764 facilitate
1153 2699 1217 2764 fusi
1248 2706 1281 2765 et

138 2805 358 2870 concinnitate
386 2807 557 2889 elaborati,
586 2811 622 2871 ut
649 2828 721 2871 meo
747 2826 843 2871 sensu
866 2805 964 2869 etiam
987 2811 1140 2890 superent
1163 2806 1279 2870 'Peren-

138 2911 262 2976 tianam
285 2911 479 2978 industriam
509 2917 541 2977 et
569 2912 734 2997 aliquanto
759 2915 978 2979 molestiorem
1001 2914 1280 2979 lucubrationem?

133 3018 172 3083 In
197 3019 326 3103 quibus,
359 3021 386 3085 si
409 3020 490 3085 nihil
516 3042 535 3083 a
557 3019 735 3084 Naevianis
759 3019 939 3104 differrent,
970 3021 1046 3104 quid
1062 3013 1200 3086 'andem
1225 3021 1278 3086 ad-

131 3125 269 3191 miratos
292 3148 361 3191 esse
384 3127 458 3191 illos
481 3126 746 3209 existimabimus,
769 3126 808 3190 de
832 3127 948 3211 quibus
972 3125 1144 3192 Horatius:

293 3286 338 3350 At
361 3287 463 3350 nostri
486 3287 600 3370 proaui
623 3286 792 3352 Plautinos
817 3289 850 3350 et
874 3308 1050 3351 numeros
1075 3290 1107 3350 et

290 3391 477 3457 Laudauere
501 3395 584 3457 sales
611 3395 673 3457 —?

132 3552 191 3618 Cui
223 3552 341 3619 iudicio
371 3553 432 3617 etsi
460 3575 525 3619 nou
555 3553 748 3637 subscripsit
770 3551 933 3617 Horatius
961 3576 1034 3618 cum
1058 3553 1103 3617 eis
1129 3551 1280 3617 omnibus

132 3682 270 3744 quorum
298 3660 331 3723 in
361 3660 590 3725 diversissimis
621 3660 800 3724 rationibus
825 3660 936 3723 innixa
962 3682 1046 3724 nova
1069 3682 1122 3724 ars
1146 3681 1278 3742 prorsus

132 3767 286 3850 opposita
308 3769 453 3830 veterum
482 3766 545 3829 arti
577 3766 654 3849 fuit,
685 3770 794 3831 tamen
826 3787 864 3829 ex
892 3765 972 3849 ipsis
1002 3767 1162 3831 veteribus
1191 3770 1278 3830 vete-

131 3895 244 3938 rumve
278 3874 359 3937 artis
393 3872 545 3937 studiosis
582 3873 652 3956 quis
686 3896 838 3956 umquam
872 3872 972 3936 simili
1005 3876 1102 3956 atque
1126 3872 1277 3937 Plautum

133 3979 315 4065 elegantiae
340 3979 433 4044 laude
456 3980 615 4044 Naevium
640 3979 840 4044 cumulavit?
864 3979 935 4062 quis
959 3977 1144 4043 Naevianos
1168 4002 1276 4044 uume-

130 4109 184 4150 ros
213 4084 391 4151 admiratus
421 4088 492 4151 est?
539 4087 601 4161 Qui
633 4087 761 4170 quidem
791 4089 890 4169 poeta
920 4086 996 4169 quid
1028 4086 1145 4150 mirum
1176 4086 1204 4151 si
1235 4088 1275 4152 ab

130 4191 356 4256 Saturniorum
377 4192 448 4256 rudi
468 4197 501 4256 et
519 4193 641 4257 inculta
660 4193 767 4275 specie
787 4194 961 4275 profectus,
981 4193 1147 4276 inquibus
1167 4193 1275 4258 huius·

129 4298 218 4364 modi
242 4298 345 4363 multa
368 4298 573 4382 admisisset,
596 4302 634 4362 ut
