2926 5040
152 288 196 352 88
470 304 552 352 vm
575 304 727 351 wasnau
750 305 813 352 nus
835 303 978 353 nocam

153 446 305 512 ωοτιιιοι,
329 444 401 498 unde
423 443 510 498 etism
535 444 590 499 nti
607 461 709 500 nomen
728 445 841 500 mansit
876 446 992 512 crpcrtt
1008 444 1083 499 enim
1100 459 1208 515 grune
1226 460 1307 500 excr-

152 534 234 601 citus,
254 536 317 601 φῶ(
335 533 379 588 vir
397 535 427 588 et
444 535 523 588 κλέο(
536 532 641 604 gloria:
659 533 741 604 quasi
753 533 874 604 gloriam
887 533 941 588 nti
953 534 984 588 in
996 532 1121 588 exercitu
1134 549 1306 604 comparare

152 622 288 688 voluerit3
312 626 339 690 ι)
358 620 524 675 Cheribolns
547 625 696 692 corruptae
717 622 925 678 ndolescentino
948 623 978 678 in
999 623 1128 693 turpibus
1150 621 1310 678 auxiliator

153 716 185 766 et
197 711 373 777 consiliatam
386 712 495 782 gaudet
506 712 583 766 enim
596 713 742 767 consulas
756 712 959 783 Sintophoeli:
976 712 1065 779 xntpis
1078 711 1202 782 pudeo,
1217 713 1308 782 βουλὴ

153 818 222 857 vero
240 800 389 856 consilinm
406 803 497 856 notat
533 803 561 870 4)
579 802 719 873 Apocides
732 843 918 858 .........
955 806 982 870 t)
1001 801 1133 873 Epidicus
1148 841 1252 857 .....

229 891 331 962 Agitur
353 889 472 944 Athenin
494 890 593 944 tabula
615 890 806 961 dividiturque
828 893 931 962 poema
948 889 1083 947 Venusini
1101 890 1288 960 praecepto
1278 907 1310 946 ιιι

155 979 257 1051 quinos
279 981 366 1034 actus.
406 979 579 1049 Principium
604 980 689 1050 primi
712 981 766 1036 hoc
784 982 840 1035 est·
869 980 956 1035 ‘hans
977 978 1164 1046 adolescem’,
1190 978 1311 1035 secundi

155 1069 225 1125 mihi
248 1069 369 1125 habetur
391 1067 517 1123 initium·
546 1069 622 1124 ‘rem
644 1069 697 1124 tibi
725 1088 787 1124 sum
809 1069 937 1124 clocutus
958 1067 1096 1137 omnem'‚
1119 1066 1203 1123 tertii
1225 1070 1307 1125 nctus

155 1158 268 1214 initium
290 1162 335 1213 ost
356 1157 398 1212 id:
425 1158 512 1227 Ὧι,
535 1161 640 1225 tacete,
663 1160 766 1214 habete
784 1159 907 1214 animum
924 1157 1039 1213 bonnm’
1047 1179 1056 1226 ς
1080 1159 1204 1227 quartus
1222 1159 1305 1214 sem

155 1248 257 1305 isestz
281 1248 363 1303 ‘cave
386 1249 574 1318 pneterbitas
596 1249 670 1304 ullas
692 1249 780 1315 udis,
802 1248 871 1318 quin
887 1248 996 1319 roges'3
1018 1246 1137 1302 ultimus
1155 1249 1241 1303 nattis
1258 1246 1306 1303 hio

157 1339 285 1409 putatur:
306 1337 342 1392 ‘si
360 1338 430 1408 quid
447 1340 492 1392 est
508 1336 669 1392 huiusmodi
687 1337 882 1392 miseriarum?

571 1517 614 1570 Zu
633 1517 704 1570 Act
722 1517 735 1568 1
754 1515 846 1571 Scen
866 1516 886 1569 1.

236 1606 401 1675 Loqnnntnr
414 1606 468 1660 hoc
482 1604 545 1660 loco
563 1604 691 1659 conservi
706 1603 774 1659 duo:
793 1603 926 1674 Epidicus
943 1603 1016 1659 alter
1034 1602 1083 1673 qui
1100 1601 1183 1659 dorni
1200 1617 1311 1660 manse-

157 1696 216 1765 rat,
238 1695 311 1750 nltcr
333 1710 398 1749 vero
422 1693 539 1763 Tesprio
561 1692 611 1762 qni
634 1692 853 1762 Stratiphoolem
882 1691 1032 1749 comitatus
1059 1690 1154 1746 tuerat
1175 1690 1209 1746 in
1233 1708 1310 1748 exar-

158 1784 256 1840 citum.
292 1783 330 1837 Hi
352 1783 487 1862 primum,
507 1785 539 1836 nt
555 1798 617 1837 mos
635 1783 680 1836 est
696 1798 849 1851 servorum,
866 1798 897 1837 se
913 1781 1035 1836 invicem
1052 1780 1168 1836 adem
1207 1780 1312 1837 Postea

161 1871 295 1942 Epidicus
313 1872 348 1928 de
367 1870 566 1942 Stratiphoclc,
584 1869 750 1941 Periphanta
768 1870 837 1939 filio,
853 1872 1042 1940 percontatur.

230 1962 325 2015 Dann
353 1959 472 2015 sichen
498 1978 536 2013 zu
561 1959 624 2014 den
652 1961 767 2014 ersten
794 1958 925 2014 Versen
951 1957 1045 2012 diese
1072 1959 1311 2015 Interlincar·

160 2049 331 2119 sebolien:

231 2157 256 2194 v.
279 2145 291 2192 1
311 2138 392 2209 heus]
412 2138 548 2194 vocantis.

312 2228 375 2297 quis
393 2228 604 2298 properantem]
623 2224 702 2280 abire
719 2224 900 2279 festinantem
919 2223 1104 2293 apprehendit
1122 2227 1212 2282 veste.
1247 2212 1249 2216 ⁸

232 2336 258 2371 v.
277 2323 294 2370 ι
314 2316 378 2372 odio
397 2317 440 2387 es]
460 2313 677 2386 importunitati,
695 2314 782 2368 uteris
800 2329 854 2368 mc.

231 2425 257 2462 v.
277 2414 293 2460 3
312 2405 469 2475 conspicor]
490 2403 580 2458 video.

233 2515 258 2549 v.
278 2502 294 2550 ι
314 2494 403 2564 salve]
423 2492 547 2564 Epidico.

232 2605 258 2638 v.
279 2591 295 2639 5
314 2600 374 2639 esse
394 2582 469 2654 qnod
487 2582 602 2654 assolet]
623 2582 698 2652 quod
718 2585 880 2638 consuetum
900 2584 944 2636 est
961 2582 1029 2637 fieri.

232 2693 258 2728 v.
278 2681 294 2728 6
314 2674 413 2744 coena]
434 2671 591 2742 splendida,
610 2670 734 2742 opipara

234 2783 258 2818 v.
279 2771 293 2817 '1
313 2761 381 2832 qnid
399 2766 429 2816 tu
449 2761 523 2832 agis]
548 2760 714 2830 o'l'espri0‚
740 2778 806 2814 num
825 2760 913 2815 vitam
932 2759 1011 2815 ducis
1029 2779 1062 2814 ex
1082 2761 1173 2816 animi
1191 2763 1235 2817 tui
1253 2780 1336 2841 sen·-

163 2853 259 2908 tentia.

235 2940 392 3008 exemplum
403 2938 494 3010 adest]
509 2940 582 3008 potis
596 2942 629 2994 ut
642 2939 762 3006 valeam,
777 2955 811 2993 ex
822 2939 901 2994 vultu
914 2956 1081 3009 cognoscere
1095 2939 1210 3009 liquido
1223 2942 1314 3011 potes.

163 3031 188 3085 is
202 3029 274 3085 enim
291 3027 377 3084 veluti
396 3027 497 3082 mentis
515 3028 642 3097 proditor
659 3027 712 3082 tibi
730 3028 888 3097 exemplum
908 3030 1015 3083 eertum
1033 3030 1063 3083 ct
1080 3026 1209 3082 validum
1224 3027 1315 3097 dabit,

165 3116 399 3188 quemadmodum
418 3133 510 3186 agam.

263 3368 320 3433 ΙΙΙ.
358 3367 511 3432 Werler‘s
534 3368 720 3452 Erkliiruug
745 3391 808 3432 von
830 3367 989 3434 Horatius
1012 3368 1118 3451 Epist.
1142 3368 1157 3431 l
1187 3371 1214 3433 1.

166 3510 248 3564 (nach
268 3507 445 3578 Sporbroth's
469 3507 548 3572 Hett,
568 3523 621 3560 von
640 3507 704 3562 dem
724 3506 768 3561 die
788 3507 967 3562 Nachschriit
984 3523 1029 3561 arn
1048 3505 1145 3562 Raude
1165 3507 1217 3561 der
1233 3508 1316 3562 Wer·

241 3597 378 3652 ler'schcn
397 3594 526 3665 nnsgabe
545 3612 601 3649 von
621 3601 689 3649 1512
708 3614 760 3650 nur
779 3597 828 3650 der
845 3597 971 3666 Fassung
988 3596 1060 3650 nach
1079 3595 1262 3664 abweicht)'

239 3720 315 3776 Haec
343 3719 435 3791 prima
461 3718 572 3774 Horatii
599 3719 721 3790 epistola
742 3720 881 3790 prohemii
902 3721 995 3776 locum
1018 3719 1118 3776 sortita
1140 3721 1198 3788 est3
1221 3719 1317 3776 Mece-

167 3814 262 3866 natcm
276 3808 350 3863 enim
369 3826 449 3862 snum
464 3807 619 3876 alloquens,
634 3807 682 3877 qui
696 3826 746 3863 sua
760 3810 858 3878 sponte
870 3809 1048 3865 vehementer
1060 3808 1090 3863 in
1104 3825 1201 3865 omnes
1215 3811 1317 3879 poetas

168 3915 322 3968 propensus
346 3899 407 3951 erut
431 3899 460 3951 et
482 3896 510 3950 in
533 3896 609 3965 ipsos
628 3897 754 3966 apprime
773 3896 907 3966 liberatis,
932 3896 1053 3966 suscepti
1071 3897 1210 3967 propositi
1228 3897 1316 3956 ratio·

168 4003 231 4041 uem
258 3984 380 4055 explicat
410 3987 439 4040 ot
469 3984 580 4054 copiose
612 3988 730 4040 enarrat.
775 3985 844 4040 Cum
873 3985 947 4040 onim
973 3985 1102 4056 graviore
1132 3986 1189 4041 iam
1218 3988 1317 4043 aetate

168 4073 335 4130 constitutus
361 4073 512 4129 teneriores
534 4074 626 4129 Musas
651 4077 780 4130 omittere
804 4078 833 4130 et
860 4091 903 4130 res
926 4092 1027 4145 graves
1047 4076 1132 4144 atque
1155 4091 1189 4129 ex
1212 4074 1318 4131 intima

170 4160 349 4232 philosophia
373 4161 552 4232 depromptas
573 4163 674 4219 litteris
694 4165 827 4220 mandare
849 4163 1045 4232 constituisset,
1071 4164 1317 4234 ingravescentem

169 4250 291 4305 aetatem
316 4250 405 4305 veluti
429 4251 623 4308 lascivioribus
650 4254 782 4324 nequitiis
810 4255 935 4324 ineptam
961 4270 1040 4308 suam
1065 4252 1095 4308 in
1120 4254 1191 4308 baec
1219 4253 1318 4309 studia

169 4336 394 4409 properationem
416 4338 547 4397 ἰιιιίιιιιιιι,
584 4342 812 4398 Benevolentiam
840 4343 931 4413 primo
960 4345 1059 4412 captat
1084 4341 1122 4397 ab
1147 4341 1210 4412 ipso
1238 4342 1316 4399 Mae·

170 4428 267 4482 cenato
285 4424 365 4482 illum
389 4427 503 4500 dignum
522 4428 649 4484 iudicans
668 4431 716 4499 qni
735 4429 808 4485 sicut
829 4433 858 4485 in
877 4430 967 4500 primo
985 4447 1036 4485 suo
1055 4429 1211 4485 carminum
1229 4446 1318 4502 opera
