2962 5032
493 311 754 361 aununmoms
779 309 986 359 nummula.
1244 288 1310 358 433

257 457 426 523 Pdstremo
446 457 558 541 edepol
579 460 640 541 e‘go
660 458 757 521 istam
776 478 844 520 rem
863 456 904 520 ad
922 477 970 520 me
992 455 1121 520 (itiitere
1144 455 1310 539 intellego.

257 547 380 649 [Atque
402 564 501 629 istum
525 585 585 650 ego
609 585 722 650 agrum
746 561 811 628 tibi
829 565 962 646 relinqui
985 564 1022 627 o'b
1040 585 1111 628 eam
1131 585 1199 627 rem
1219 564 1311 628 enixe

807 673 946 755 expeto]

257 779 438 863 Vapulabis
462 780 711 845 meo-arbitrata
734 781 762 842 el
784 800 944 843 nouorum
968 776 1134 842 aedilium.

258 885 344 968 [Nisi
368 886 467 951 etiam
491 886 635 951 labdrem
659 886 699 950 ad
720 888 870 950 domuum
892 885 1047 967 appionem
1066 884 1245 969 epithecam
1264 882 1310 948 in·
1327 905 1420 947 cxcrv

807 993 926 1075 super]

255 1100 328 1166 Hae
352 1100 458 1166 souitu
482 1103 541 1166 sud
565 1099 646 1164 mihi
669 1120 788 1164 moram
810 1099 947 1163 dbicirmt
969 1096 1179 1162 iuedmmode.

163 1242 220 1307 Ex
248 1242 300 1306 his
330 1243 485 1326 exemplis
514 1246 582 1307 tam
611 1247 748 1325 certum,
771 1244 894 1306 utnon
918 1242 1024 1325 possit
1047 1245 1099 1304 sat
1121 1240 1186 1304 leni
1209 1244 1312 1303 muta·

165 1350 258 1416 tione
282 1350 448 1434 removeri,
471 1349 596 1414 nullum
620 1355 670 1413 est
693 1354 821 1434 praeter
844 1356 980 1432 sextum,
1004 1349 1055 1412 cui
1080 1368 1139 1432 ego
1164 1347 1312 1431 quintum

167 1456 266 1540 socio,
289 1456 498 1542 quantumvis
521 1456 568 1521 ibi
591 1455 697 1520 facilis
721 1456 765 1520 sit
786 1456 942 1520 arbitrata
964 1475 1029 1519 meo
1048 1452 1312 1539 transpositio*):

166 1562 207 1626 de
230 1563 365 1648 reliquis
388 1563 539 1628 omnibus
562 1563 669 1627 varias
694 1563 735 1627 ob
755 1584 884 1628 caussas
904 1584 974 1626 esse
993 1560 1205 1626 dubitandum
1224 1565 1313 1644 puto.

171 1670 280 1754 Atque
308 1669 465 1754 septimus
494 1692 606 1734 versus
635 1692 690 1734 cur
718 1670 762 1734 sit
791 1670 859 1734 siue
889 1692 982 1734 mora
1011 1667 1086 1733 hinc
1114 1667 1314 1753 relegandus,

171 1799 269 1860 supra
283 1776 377 1842 docui
392 1799 422 1860 p.
431 1792 524 1840 cnxx
532 1777 634 1856 [412]
659 1775 706 1841 De
722 1781 837 1860 quarto
856 1798 922 1841 non
941 1776 1131 1858 dubitarem,
1150 1776 1212 1839 nisi
1227 1775 1314 1840 aliud

172 1883 244 1967 ipsa
268 1883 411 1949 codicum
431 1883 571 1967 vestigia
589 1884 770 1967 suaderent,
789 1884 828 1947 de
847 1883 964 1968 quibus
983 1906 1013 1967 p.
1027 1902 1126 1947 nxxll
1143 1883 1235 1964 [329]
1251 1883 1314 1947 dic·

169 1994 247 2055 tum.
272 1990 350 2055 Tres
365 1996 472 2055 autem
487 1991 609 2074 primos
624 2013 735 2054 versus
750 2011 834 2074 nego
849 1990 953 2054 hiatui
968 1990 1166 2055 admittendo
1182 1989 1314 2054 omnino

170 2101 222 2161 sat
244 2097 431 2163 commodos
455 2120 538 2163 esse:
562 2096 602 2161 ad
626 2119 720 2181 quem
745 2099 807 2163 etsi
830 2098 961 2163 minime
981 2097 1110 2182 requiro
1130 2097 1314 2180 graviorem

170 2205 312 2289 aliquam
335 2205 494 2270 orationis
519 2204 730 2287 institionem,
753 2207 863 2269 tamen
887 2205 989 2268 altera
1012 2226 1049 2267 ex
1074 2206 1165 2286 parte
1184 2224 1315 2268 consen·

170 2314 302 2374 laneum
330 2315 381 2376 est
408 2331 588 2396 repugnare
612 2311 716 2374 hiatui
739 2311 759 2376 i.
783 2333 808 2375 e.
833 2311 1004 2376 cessationi
1031 2310 1119 2375 vocis
1143 2310 1225 2374 tales
1249 2331 1316 2374 rer·

171 2418 286 2482 borum
309 2418 567 2483 constructiones
596 2418 902 2502 enuntiatorumque
932 2417 1218 2501 conformationes,
1247 2416 1315 2501 qui·

171 2525 230 2589 bus
255 2545 312 2588 eae
335 2523 425 2607 ipsae
451 2545 552 2602 voces,
575 2547 655 2610 quas
679 2524 879 2591 discriminet
902 2524 1020 2602 hiatus,
1043 2525 1185 2608 ligentur
1207 2524 1315 2607 potius

173 2635 207 2695 ct
243 2630 416 2695 continuae
454 2632 729 2712 pronuntiationis
762 2634 953 2698 necessitate
988 2631 1179 2696 vinciantur.
1224 2628 1316 2694 Nihil

174 2737 330 2802 eiusmodi
355 2737 388 2800 in
412 2736 543 2819 reliquis
568 2737 617 2801 vel
636 2736 817 2802 Trinummi
841 2739 893 2802 vel
917 2739 967 2802 his
991 2737 1188 2803 Bacchidem
1212 2758 1316 2801 exem·

173 2845 235 2926 plis
259 2842 364 2907 hiatui
387 2843 509 2908 obstat:

260 2967 367 3068 dtque
395 2990 522 3051 ecastor
549 2988 633 3070 dpud
662 2987 747 3051 huno
776 2989 910 3068 {turrium
933 2989 1054 3071 dliqrrid
1083 2987 1316 3073 perdundumst

813 3095 886 3159 tibi:

263 3183 314 3263 lbi
338 3221 446 3283 cursu,
470 3199 685 3283 luctd11d0**),
708 3202 799 3278 disco,
820 3201 919 3280 luisto,
943 3202 1102 3286 pugilatu,
1125 3203 1205 3286 pila:

262 3290 340 3370 lude
364 3305 403 3371 de
425 3307 640 3391 hippodromo
664 3309 697 3371 et
719 3309 879 3388 palaestro
907 3308 1036 3393 liot***)
1059 3310 1239 3373 reuenisses
1263 3308 1317 3372 do·

812 3437 912 3479 mum:

267 3504 298 3583 lt
322 3521 478 3606 magister
501 3521 594 3604 qustsi
619 3521 744 3584 lucerna
765 3521 855 3583 dacto
879 3526 1029 3605 exspreto
1051 3520 1166 3585 linteo:

266 3611 350 3707 [ltur
372 3628 461 3693 illinc
485 3628 555 3692 idre
578 3629 665 3691 dieto
688 3625 793 3689 lro'cirae
815 3625 868 3689 hic
890 3629 985 3710 pacto
1008 3630 1140 3711 potest]

174 3770 275 3834 immo
299 3771 468 3853 aptissima
491 3770 596 3835 hiatui
620 3790 690 3833 esse
714 3768 859 3832 membra
877 3769 1032 3832 orationis
1052 3773 1196 3853 apparet.
1234 3767 1318 3833 Con·

174 3881 228 3939 tra
246 3876 384 3959 dispesci
404 3882 431 3940 le
452 3879 498 3940 itu
521 3897 582 3942 esse
606 3880 638 3940 et
661 3881 695 3939 ot
717 3881 749 3938 tn
774 3877 876 3957 edepol
899 3897 937 3940 eo
957 3876 1063 3940 minus
1082 3877 1210 3959 licebat,
1233 3876 1318 3961 quod

174 3981 255 4046 baec
277 3982 375 4046 verba
399 3982 580 4047 fortissima
603 3982 822 4067 interpunctio
846 3981 1025 4066 praecedit,
1048 3982 1106 4046 illa
1128 3984 1240 4066 lenior,
1264 3984 1318 4048 sed

176 4107 388 4115 ———

263 4156 288 4224 ')
308 4160 374 4226 [meo
392 4158 552 4212 arbitraturi
570 4157 668 4226 Trin.²,
688 4157 722 4212 ol.
744 4158 815 4213 Nor.
835 4175 893 4213 exc.
914 4158 1006 4213 Plaut
1026 4157 1084 4228 lp.
1105 4161 1159 4227 lb]

247 4247 289 4316 **)
309 4247 361 4315 [Cf.
380 4247 450 4302 Nor.
471 4263 528 4301 exc.
548 4246 639 4300 Plaut.
660 4247 717 4315 lp.
738 4249 792 4314 63]

231 4335 290 4403 ²m)
309 4336 379 4405 [sive
398 4337 462 4391 cubi
479 4336 536 4390 slve
551 4337 714 4405 palaestrod
731 4337 878 4406 proposuit
892 4337 1061 4392 ltitscholius
1076 4337 1175 4407 Opusc.
1195 4338 1264 4407 phil.
1279 4338 1320 4391 llI

177 4443 203 4494 p.
226 4424 296 4493 141]

231 4531 272 4566 su.
290 4531 440 4566 musanen
459 4531 593 4567 oevscrns
613 4531 637 4567 r.
1074 4522 1107 4570 28
1143 4554 1147 4565 .
