2962 5032
679 1013 798 1097 XlIl.

520 1156 722 1270 Orationes
750 1186 911 1271 latinae.

732 1513 759 1576 1.

164 1652 368 1726 Praefatio
392 1651 436 1716 ad
456 1652 730 1716 defendendam
750 1651 794 1716 de
813 1650 887 1717 Oro
907 1657 943 1717 et
961 1652 1105 1718 Orione
1124 1676 1316 1720 commen·

165 1761 359 1826 tationem
384 1761 552 1825 muneris
576 1759 808 1843 professorii
837 1760 1146 1825 extraordinarii
1169 1760 1208 1825 in
1231 1761 1315 1825 uni-

166 1868 359 1932 versitate
387 1867 607 1931 litterarum
637 1864 942 1932 Vratislaviensi
972 1868 1146 1954 suscepti
1176 1889 1317 1933 caussa

359 1974 421 2038 dic
443 1973 508 2038 VII
532 1996 572 2038 m.
595 1972 803 2038 Februarii
828 1996 855 2038 a.
881 1974 967 2039 1834
989 1975 1134 2040 habita.
1239 2040 1241 2046 s

260 2113 405 2179 Gratiam
433 2118 561 2198 praeter
588 2119 695 2180 cetera
723 2115 880 2199 intellego
909 2138 982 2180 cum
1014 2116 1196 2182 habendam
1223 2116 1317 2181 vobis

164 2210 290 2306 meam,
317 2227 387 2287 tum
418 2226 557 2286 vestram
582 2221 663 2285 mihi
687 2243 756 2285 esse
780 2221 1032 2308 implorandam,
1055 2228 1160 2288 reotor
1190 2222 1316 2288 univer·

168 2329 280 2395 sitatis
307 2328 486 2414 magnifiee,
512 2333 641 2393 curator
674 2328 902 2413 illustrissime,
927 2317 1046 2394 decane
1069 2331 1209 2394 maxime
1228 2351 1318 2415 spec·

167 2435 298 2520 tabilis,
328 2436 526 2520 professores
559 2443 591 2499 et
614 2434 762 2501 doctores
787 2435 1057 2518 aestimatissimi,
1081 2436 1317 2501 commilitones

169 2541 415 2624 humanissimi,
437 2543 620 2607 litterarum
644 2543 790 2606 fautores
808 2542 1010 2626 amplissimi.
1048 2540 1110 2618 Qui
1128 2565 1202 2608 cum
1219 2543 1317 2607 huius

170 2648 237 2712 diei
254 2649 504 2714 sollemnitatem
520 2653 630 2713 vestra
643 2647 824 2733 praesentia
842 2647 1053 2712 condecorare
1066 2671 1133 2714 non
1151 2647 1317 2733 dedignati

171 2754 260 2839 aitis,
289 2759 357 2820 tam
381 2777 544 2839 propensa
566 2756 598 2819 in
625 2778 676 2819 me
699 2754 869 2819 voluntate
901 2757 934 2817 et
962 2753 1197 2820 incredibiliter
1224 2755 1316 2820 vobis

171 2862 363 2927 obstrictum
392 2885 497 2927 meum
526 2863 669 2927 animum
699 2861 818 2926 tenetis
847 2865 880 2925 et
909 2860 1235 2927 benevolentissimae
1262 2884 1317 2946 pa·

170 2968 304 3034 tientiae
327 2971 508 3053 exemplum
533 2969 679 3033 edidistis
702 2968 789 3033 haud
811 2967 955 3053 vulgare.
1002 2966 1130 3052 Quippe
1153 2969 1182 3032 si
1204 2968 1245 3032 ab
1269 2967 1317 3032 eis

171 3079 315 3141 vestrum
333 3097 502 3160 recessero,
526 3076 717 3161 quibuscum
736 3074 954 3153 communium
978 3074 1158 3140 studiorum
1177 3074 1317 3140 necessi·

170 3182 251 3248 tudo
285 3182 365 3247 mihi
399 3183 569 3248 intercedit
603 3183 813 3272 suavissima,
849 3182 980 3267 reliquis
1013 3181 1080 3246 fere
1112 3205 1178 3248 non
1209 3184 1318 3266 potest
1375 3255 1379 3264 ‚

172 3288 251 3374 quin
279 3310 393 3371 parum
422 3287 647 3354 oblectationis
674 3291 782 3373 pariat
805 3289 877 3371 ipsa
900 3291 1085 3376 argumenti
1109 3289 1269 3373 tenuitas,
1298 3309 1319 3351 a

171 3393 335 3459 communi
366 3416 426 3458 usu
449 3395 559 3478 paullo
583 3395 778 3463 remotioris,
824 3393 915 3471 Quod
938 3400 1048 3461 tamen
1071 3399 1199 3460 tantum
1223 3394 1317 3458 abest

172 3501 319 3586 equidem
347 3507 385 3566 ut
407 3502 625 3567 excusandum
648 3508 773 3586 putem,
802 3506 839 3566 ut
866 3502 989 3587 optima
1012 3502 1137 3567 ratione
1160 3501 1223 3567 niti
1246 3522 1318 3565 sen·

171 3608 261 3673 tiam.
307 3607 396 3672 Haec
420 3609 521 3693 igitur
545 3609 650 3694 qualis
674 3610 758 3674 ratio
783 3609 840 3692 sit,
859 3597 1006 3693 ¹primum
1030 3605 1215 3674 declarabot
1242 3613 1318 3694 post

172 3716 332 3800 quomodo
359 3716 542 3801 argumenti
566 3715 710 3779 taedium
733 3715 812 3780 illud
836 3716 953 3800 levare,
977 3718 1004 3779 si
1027 3715 1123 3780 modo
1146 3717 1318 3800 possimus,

173 3827 206 3886 et
221 3823 331 3906 aliqua
345 3827 430 3886 certe
445 3844 483 3886 ex
502 3827 595 3905 parte
611 3844 817 3905 compensare
832 3822 1102 3905 constituerimus,
1121 3822 1323 3907 significabo.

173 3928 222 3993 Ac
244 3933 373 3993 tantum
397 3929 526 4013 quidem
550 3928 681 3993 concedi
705 3951 769 3994 uno
793 3951 848 3993 ore
871 3928 981 4011 credo,
1003 3949 1068 3992 non
1091 3928 1157 3993 alio
1181 3929 1316 3993 consilio

173 4035 259 4099 hunc
276 4037 404 4118 publice
428 4035 588 4100 scribendi
613 4036 797 4120 scriptaque
822 4034 1011 4100 defendendi
1034 4056 1156 4099 morem
1180 4035 1318 4119 antiqui·

175 4146 229 4206 tus
251 4165 347 4225 posse
370 4144 529 4208 sancitum
553 4165 636 4226 esse,
665 4143 728 4206 nisi
752 4142 829 4225 hoo,
853 4146 902 4225 ut,
931 4140 1016 4226 quod
1041 4140 1112 4225 quis
1136 4141 1170 4204 in
1194 4141 1317 4205 littera-

176 4269 248 4313 rum
268 4249 478 4314 universitate
497 4249 663 4333 publicum
685 4272 799 4313 munus
819 4249 1054 4332 capessivisset,
1077 4247 1106 4310 ei
1130 4247 1319 4312 sustinendo

174 4377 210 4420 sc
242 4378 353 4440 parem
386 4358 517 4440 publico
551 4357 628 4420 item
660 4356 849 4421 testimonio
882 4355 1042 4439 proderet.
1087 4353 1176 4420 Haec
1209 4358 1316 4419 autem

1048 4456 1104 4512 40*
