2962 5032
312 343 385 389 UNI)
408 342 469 389 DIE
494 341 681 390 LEIPZIGER
705 341 1025 390 l'LAU'l'USSTUDIEN.
1200 324 1241 389 91

89 499 119 535 u.
139 487 185 538 59.
209 481 372 537 Instituturn
391 482 446 537 hoc
468 482 623 552 priscorum
643 484 718 537 certe
737 482 909 537 laudandum
927 482 988 550 snit,
1007 499 1062 552 qno
1082 483 1114 536 ut
1132 499 1245 536 snorum

167 570 277 626 animos
294 570 419 627 honestis
438 571 537 627 studiis
555 572 714 627 imbuerent
732 588 765 626 ac
787 571 818 626 in
832 572 934 626 virtute
953 572 1142 641 principatum
1160 573 1244 641 puta·

170 663 247 728 rent,
271 660 442 716 cantilenam
460 660 517 716 illis
536 661 692 730 dictabant,
716 661 793 716 cuins
812 661 882 715 hacc
901 664 963 716 erat
979 660 1130 729 sententia,
1150 677 1244 732 regem

169 765 235 803 eum
253 749 380 818 assequi
399 752 474 804 recte
494 752 524 804 et
540 750 658 805 honeste
678 752 783 820 ageret.

93 854 118 893 v.
139 844 184 894 61.
208 837 311 893 anius
335 837 451 894 Roscius
475 838 562 893 Ottho
587 839 684 894 consul
706 839 798 908 legem
822 838 901 906 tulit,
925 841 957 894 nt
978 838 1007 894 in
1032 840 1143 894 theatro
1169 839 1245 908 equi-

166 925 245 981 tibus
275 926 395 982 romanis
423 927 534 983 ordines
562 926 788 998 quattuordecim
815 928 960 998 spectandi
986 929 1078 998 gratia
1103 929 1244 984 darentur.

169 1015 258 1070 Ottho
286 1013 413 1071 tribunus
440 1017 532 1086 plebis
557 1016 650 1088 legem
678 1018 757 1086 tulit,
790 1034 825 1072 ue
856 1016 919 1086 quis
944 1018 974 1071 in
999 1016 1095 1073 ordine
1123 1019 1245 1087 equestri

167 1105 343 1174 spectaturus
357 1105 475 1172 sederet,
489 1105 542 1160 nisi
557 1106 686 1161 sestertia
700 1106 888 1177 quadraginin
901 1106 981 1160 milia
993 1106 1156 1176 possideret,
1171 1107 1245 1176 quod

167 1193 192 1248 si
207 1194 388 1265 contingeret,
406 1194 534 1264 quisquis
552 1199 625 1251 esset
638 1195 697 1250 sive
711 1195 848 1266 ingennus
864 1196 923 1250 sire
937 1195 1062 1264 libertus,
1083 1195 1157 1251 inter
1170 1196 1245 1264 equi·

169 1285 214 1337 tes
232 1285 358 1353 spectare
377 1285 404 1339 ei
421 1284 520 1340 liceret
537 1285 566 1339 iu
583 1285 673 1354 gradu
692 1285 799 1340 decimo
818 1288 926 1354 quarto.

93 1390 119 1426 v.
142 1378 186 1427 67.
211 1370 336 1442 Puppins
361 1371 424 1442 ille,
448 1373 526 1429 cuius
548 1373 595 1430 hio
618 1374 752 1430 Horatius
771 1375 911 1442 meminit,
935 1376 1021 1444 poeta
1042 1373 1166 1444 tragicus
1184 1373 1246 1442 fuit,

168 1458 211 1513 ita
231 1458 346 1515 affectus
364 1461 509 1517 homiuum
528 1479 652 1530 mouens,
667 1456 705 1517 ‘ut
722 1462 779 1517 illis
797 1462 956 1532 lachrymas
975 1461 1136 1532 frequenter
1154 1462 1246 1517 conci-

167 1550 250 1605 taret.
291 1548 390 1605 Posuit
414 1552 509 1606 autem
536 1551 583 1606 hic
607 1551 685 1606 illius
712 1552 823 1606 fabulas
851 1569 902 1622 pro
927 1551 1003 1606 omni
1031 1552 1192 1622 spectaculo
1217 1551 1246 1605 iu

169 1638 282 1694 theatro
301 1638 349 1710 agi
367 1639 459 1695 sclito.

90 1745 119 1782 u.
141 1732 185 1781 70.
210 1726 358 1783 Rationem
382 1728 524 1800 siguificat
541 1729 641 1799 poeta,
667 1745 716 1783 cnr
738 1746 793 1784 non
812 1729 911 1784 eodem
929 1730 1033 1785 iudicio
1052 1746 1107 1797 quo
1125 1731 1247 1800 populus

167 1831 300 1871 romanus
318 1819 423 1888 utatur,
445 1835 532 1889 quam
549 1835 584 1873 ex
601 1818 741 1888 Aesopico
761 1818 881 1889 apologo
899 1819 1035 1890 graphice
1054 1822 1083 1874 et
1103 1819 1247 1890 eleganter

168 1905 316 1976 depromit
353 1907 472 1963 Viderat
494 1906 563 1962 olim
585 1906 737 1976 vulpecula
760 1909 854 1962 astuta
879 1907 939 1963 fera
963 1909 1116 1966 multorum
1139 1909 1245 1965 anima·

173 1996 243 2051 lium
257 1996 378 2068 vestigia
395 1997 470 2068 apud
489 1995 578 2052 leonis
597 1997 717 2064 anuum,
737 1995 786 2050 sed
806 1995 846 2050 ita
864 1998 973 2051 tautum
992 1999 1024 2052 ut
1041 1998 1136 2053 omnia
1155 2000 1248 2054 esseut

170 2085 389 2157 ingredientium
414 2089 443 2141 et
468 2103 523 2141 nou
542 2084 717 2152 exeuntium
748 2101 820 2154 quae
842 2086 1000 2141 coniectura
1025 2089 1087 2143 rata
1113 2088 1143 2142 id
1171 2088 1246 2157 quod

170 2177 240 2242 erat,
258 2175 322 2230 ideo
341 2192 397 2230 non
415 2174 506 2230 redire
524 2174 664 2245 ingressas
683 2175 765 2242 ieras,
784 2174 859 2244 qnod
878 2175 922 2231 leo
937 2175 1001 2230 illas
1015 2179 1135 2245 voraret,
1155 2177 1247 2232 noluit

168 2263 287 2334 ingredi,
305 2267 336 2320 et
353 2264 465 2335 roganti
482 2264 567 2332 leoni,
586 2281 635 2318 cur
652 2280 709 2319 non
726 2263 933 2335 ingrederetur,
951 2265 1094 2335 respondit
1112 2265 1246 2321 deterreri

168 2353 311 2424 vestigiis,
334 2370 406 2423 quac
429 2352 548 2408 adversa
569 2352 636 2420 sibi,
664 2369 719 2408 uon
743 2356 838 2408 antem
861 2369 960 2409 aversa
983 2357 1080 2410 essent
1117 2355 1157 2409 Vt
1178 2371 1245 2425 ergo

169 2460 203 2497 cx
221 2441 348 2514 vestigiis
366 2442 513 2498 interitum
530 2459 611 2497 suum
629 2441 749 2497 timebat
766 2441 873 2511 uulpes,
892 2442 916 2496 si
935 2442 971 2497 ad
988 2443 1098 2498 leonem
1117 2443 1244 2514 ingrede-

169 2534 259 2602 retur,
284 2531 325 2586 sic
348 2530 430 2603 signa
447 2533 513 2586 sunt
532 2547 604 2601 quae
623 2531 771 2601 pernitiem
790 2530 954 2585 minitentur
972 2534 1084 2601 poetae,
1109 2550 1164 2587 uon
1185 2533 1245 2587 dari

172 2619 226 2675 sibi
246 2619 368 2676 reditum
386 2637 404 2674 a
422 2619 507 2688 vitiis,
527 2618 552 2674 si
570 2619 606 2676 ad
624 2620 677 2675 illa
693 2619 780 2675 semel
798 2619 939 2690 ingressus
957 2620 1050 2675 suerit.

95 2729 123 2765 v.
145 2715 189 2765 79.
214 2709 383 2779 Metaphcra
405 2712 449 2764 cst
470 2726 489 2764 a
513 2725 543 2763 rc
566 2708 719 2779 piscatoria
735 2709 874 2764 translata
890 2709 945 2764 hoc
963 2726 1057 2764 sensu:
1078 2710 1245 2765 sicutenim

169 2797 246 2868 capti
264 2799 356 2868 pisces
373 2798 524 2854 mittuntur
537 2798 566 2853 in
580 2797 697 2867 vivaria,
716 2798 800 2853 itaet
819 2798 880 2869 ipse
895 2815 997 2854 avaras
1011 2800 1108 2870 captos
1123 2799 1246 2855 custodit

172 2903 261 2955 senoe,
280 2903 316 2942 ne
334 2886 496 2956 evadant.*)

95 2997 123 3032 v.
146 2983 192 3034 83.
217 2976 303 3033 Baiae
321 2975 462 3046 Baiarum,
481 2978 616 3047 plurativi
633 2978 742 3033 numeri
760 2980 880 3046 tautum,
899 2978 997 3034 civitas
1017 2981 1060 3035 est
1078 2977 1247 3049 Campaniae

169 3065 368 3123 amoenissima
390 3082 469 3121 secus
494 3084 570 3122 mare
594 3067 664 3136 sita,
687 3084 788 3123 nomen
810 3068 917 3124 habens
935 3086 953 3123 a
972 3068 1040 3125 Baio
1060 3068 1150 3123 Vlixis
1169 3067 1246 3124 socio

169 3156 228 3211 illic
242 3155 368 3226 sepult03
387 3155 417 3209 in
430 3155 514 3210 huius
528 3171 597 3225 agro
611 3157 727 3225 propter
740 3173 826 3225 aquas
840 3156 946 3211 calidas
966 3159 994 3212 et
1012 3156 1049 3212 ad
1067 3157 1244 3226 voluptatem

170 3246 199 3300 et
217 3245 253 3299 ed
271 3242 365 3298 varios
382 3243 495 3299 morbos
514 3242 676 3298 commodas
694 3245 872 3313 prepotentes
895 3243 938 3298 illi
957 3246 987 3299 et
1004 3244 1107 3301 divites
1125 3245 1245 3301 Romani

170 3332 300 3388 aedificia
319 3332 427 3403 mugnis
441 3332 576 3402 impensis
595 3335 736 3387 exstruere
754 3333 890 3401 solebant,
909 3333 984 3402 quod
999 3334 1045 3389 hic
1059 3334 1145 3389 etiam
1159 3337 1245 3404 poeta

171 3424 260 3478 notat

97 3532 124 3568 v.
146 3517 191 3566 oc.
214 3510 353 3566 ereneus
372 3509 476 3565 coeam
499 3512 530 3565 et
546 3509 662 3565 rhenos
681 3509 755 3565 ersus
772 3510 835 3578 ruit,
853 3512 932 3565 vans
951 3511 1129 3580 clarissimus,
1148 3511 1196 3581 qur
1215 3489 1245 3566 si

172 3601 200 3655 in
219 3599 312 3655 varias
330 3599 435 3654 formas
453 3599 594 3667 mutabat,
613 3599 727 3653 anctore
747 3598 848 3654 Ovidio
867 3599 938 3656 libro
954 3607 969 3656 8
988 3600 1245 3670 metamorphoseos

170 3688 233 3760 [⁷2¹
254 3687 328 3758 squ]

262 3811 347 3866 ‘Sunt
364 3812 465 3882 quibua
483 3813 513 3867 in
531 3813 626 3884 plures
644 3813 687 3868 ius
706 3816 749 3868 est
767 3813 885 3868 transire
904 3814 1015 3884 figuras,

258 3900 298 3955 Vt
316 3900 377 3969 tibi,
396 3901 535 3973 complexi
554 3904 658 3958 terram
676 3901 761 3957 maris
780 3902 882 3971 incola,
901 3902 1031 3958 Protheu.

259 3989 332 4044 Nam
351 3990 434 4045 modo
452 3993 481 4045 tc
498 3991 637 4059 invenem,
656 3991 738 4047 modo
757 3992 785 4046 te
804 3990 898 4046 videre
916 3991 1035 4058 leonem,

259 4079 341 4133 Nunc
358 4077 498 4134 violentus
516 4081 594 4151 aper’
616 4082 668 4135 etc.
705 4081 780 4150 Lego
799 4078 903 4134 ibidem
924 4080 1063 4134 Ovidium.

99 4222 127 4257 v.
151 4209 209 4258 102.
238 4204 311 4258 Nam
337 4203 386 4274 qui
411 4204 461 4258 aut
487 4205 547 4258 atre
572 4204 638 4259 bilis
663 4207 713 4260 aut
735 4201 806 4260 alius
828 4205 953 4260 humoris
976 4205 1120 4260 affluentia
1137 4210 1245 4276 peccat,

172 4291 280 4347 medico
299 4292 436 4348 curandus
454 4293 576 4348 traditur
599 4297 628 4350 et
645 4295 689 4349 illi
707 4313 819 4350 suorum
843 4294 979 4351 bonorum
997 4295 1140 4351 curatione
1158 4296 1244 4351 inter-

173 4451 198 4520 *)
220 4453 280 4508 Von
301 4453 388 4523 ‘capti
407 4454 509 4523 pitces'
529 4455 572 4509 bis
593 4455 737 4510 ‘eradant’
758 4454 888 4511 wbrtlioh
906 4472 957 4511 aus
975 4453 1092 4511 Landira

608 4557 622 4583 ι
