2962 5032
551 118 784 167 anunnuscna
808 119 935 166 nonan.
1247 102 1310 165 647

170 263 326 347 condicio,
350 262 405 347 qui
425 265 593 346 tamquam
610 261 755 346 legitime
774 262 968 327 constitutus
987 262 1138 328 laudator
1156 261 1314 346 temporis

171 372 237 435 acti
260 368 405 454 prodeat
438 369 516 445 Quis
540 373 590 433 est
612 368 698 434 enim
721 372 875 452 vestrum,
898 368 976 453 quin
999 369 1165 434 lubentius
1187 368 1222 432 in
1245 368 1312 434 eius

168 477 313 562 imagine
332 476 432 562 Regis
457 477 566 541 oculos
591 476 745 557 defixerit,
768 497 831 560 quo
850 476 934 560 vivo,
958 498 1022 560 quo
1046 479 1224 561 praesente,
1247 497 1313 561 quo

168 582 302 668 vigente
325 583 493 666 laetamur,
517 584 568 647 cui
591 583 757 667 praeclara
779 582 940 667 debemus,
964 607 1066 669 aquo
1085 584 1312 669 praeclariora,

166 689 357 754 liberaliora
380 695 617 774 exspectamus:
646 690 775 775 quando
799 713 837 755 ea
860 697 910 757 est
933 712 1163 776 generosorum
1187 690 1313 757 indoles

167 797 368 880 animorum,
391 800 517 862 utnon
540 797 668 880 possint
690 797 725 861 in
747 797 853 862 media
876 799 930 863 via
954 800 1145 882 subsistere,
1169 799 1226 864 sed
1249 821 1312 884 quo

168 904 366 969 luculentius
394 904 499 968 exorsi
527 903 605 986 sint,
633 926 671 967 eo
695 903 922 987 gloriosiorem
946 904 985 969 ad
1008 906 1105 971 finem
1129 906 1230 990 ipsius
1253 927 1310 970 na·

167 1013 262 1074 turae
289 1011 482 1075 necessitate
510 1010 649 1093 quadam
679 1014 824 1095 pergant.
871 1010 1013 1076 Tantum
1042 1012 1077 1076 in
1106 1012 1168 1076 hoc
1196 1033 1312 1097 genere

166 1116 258 1184 valet
286 1117 482 1201 exspectatio
510 1117 621 1181 futuri.
673 1117 828 1193 Quocirca
854 1139 921 1182 non
950 1122 1000 1182 est
1027 1119 1161 1203 mirum,
1195 1119 1312 1204 quibus

168 1226 345 1312 quotannis
368 1226 526 1291 orandum
550 1230 600 1290 est
622 1224 733 1290 Idibus
749 1225 953 1310 Octobribus,
975 1227 1017 1291 iis
1040 1230 1217 1311 paratum
1241 1211 1330 1291 esse

168 1331 371 1397 audientium
395 1331 558 1415 plausum:
592 1336 626 1396 at
653 1333 749 1398 nobis
777 1332 1003 1416 parandum,
1037 1338 1071 1398 at
1094 1332 1190 1397 nobis
1215 1354 1311 1418 quae·

168 1439 304 1505 rendam
328 1439 596 1523 approbationem
616 1442 757 1503 vestram
777 1439 1035 1524 captandamque
1054 1439 1312 1506 benevolentiam

169 1567 249 1611 esse.
295 1543 359 1610 Sed
387 1546 473 1610 aliud
502 1545 653 1629 quiddam
682 1546 806 1611 accedit
833 1546 930 1630 longe
957 1547 1057 1611 etiam
1081 1547 1225 1632 gravius,
1257 1568 1313 1612 cur

168 1675 236 1718 non
262 1656 392 1718 tantum
419 1653 561 1717 immune
589 1654 634 1718 sit
660 1652 786 1717 facinus
815 1651 867 1737 (ut
889 1675 962 1718 cum
985 1654 1100 1737 priscis
1123 1653 1311 1719 hominibus

168 1759 307 1846 loquar),
330 1760 383 1824 sed
409 1760 508 1825 etiam
532 1759 692 1824 lubricum
716 1763 749 1823 et
768 1760 1002 1845 propemodum
1023 1760 1158 1826 dixerim
1175 1759 1311 1826 invidio·

169 1889 256 1951 sum,
283 1865 414 1931 laudare
435 1886 546 1951 regem
572 1866 771 1951 defunctum,
795 1868 885 1932 cuius
909 1868 937 1933 is
961 1869 1005 1933 sit
1027 1869 1112 1933 filius
1137 1872 1313 1951 superstes,
1427 1942 1429 1947 ⁴

169 1973 226 2058 qui
249 1994 321 2043 cum
345 1973 458 2038 multis
481 1973 688 2038 videatur-
709 1974 819 2060 quidni
843 1974 929 2039 enim
952 1975 1053 2039 libere
1076 1974 1251 2058 profitear?
1270 2011 1308 2021 —

168 2084 338 2164 paternam
363 2081 501 2166 gloriam
524 2103 591 2146 non
615 2082 766 2166 ambigue
790 2082 973 2165 obscurare,
997 2085 1066 2145 tum
1090 2081 1312 2146 diversissima

168 2208 246 2252 sane
270 2186 379 2252 indole
401 2188 567 2272 praeditus
591 2191 649 2252 est.
682 2189 796 2271 Itaque
815 2210 887 2253 cum
907 2189 991 2254 aliae
1010 2192 1099 2253 etex
1122 2191 1216 2272 parte
1239 2209 1311 2252 con·

166 2295 288 2359 traciae
315 2296 348 2359 in
377 2298 514 2379 utroque
543 2295 682 2359 virtutes
710 2294 886 2377 emineant,
916 2315 1024 2358 nonne
1052 2292 1224 2358 verendum
1252 2297 1311 2377 est,

167 2402 316 2486 nequod
344 2403 379 2466 in
402 2401 460 2466 illo
485 2400 612 2484 laudes,
644 2400 774 2465 videare
797 2401 830 2464 in
854 2401 916 2465 hoc
939 2400 1134 2484 desiderare,
1166 2400 1252 2484 quod
1274 2401 1308 2465 in

166 2507 225 2572 illo
248 2507 299 2571 vel
322 2508 462 2572 maxime
491 2506 623 2590 probes,
645 2505 877 2591 propemodum
900 2506 1084 2590 improbare
1106 2507 1142 2572 in
1163 2507 1235 2591 hoc,
1260 2510 1307 2572 at

166 2637 228 2699 que
256 2614 304 2678 ita
327 2613 365 2678 de
389 2613 499 2679 debita
522 2613 613 2677 Patri
636 2612 768 2678 Patriae
791 2612 972 2678 reverentia
995 2612 1117 2697 aliquid
1140 2612 1309 2679 detrahere

166 2721 418 2786 irreverentius?
464 2721 601 2787 Possum
631 2742 708 2785 sane
737 2719 871 2803 videri,
904 2724 938 2783 et
959 2720 1095 2785 videbor
1117 2720 1256 2785 fortasse
1280 2722 1309 2786 ai

167 2829 221 2913 qui
254 2827 449 2893 malitiosius
481 2829 661 2893 orationem
694 2849 800 2892 meam
834 2827 1101 2911 interpretentur:
1134 2828 1191 2893 aed
1223 2827 1308 2894 idem

167 2938 255 3000 recte
278 2934 489 2999 iudicantium
518 2939 551 2999 et
574 2934 643 2998 sine
667 2935 839 3019 iniquitate
863 2934 1147 3018 interpretantium
1170 2935 1308 3001 benevo-

166 3041 268 3105 lentia
290 3041 369 3105 adeo
393 3040 532 3123 confido,
564 3045 601 3104 ut
624 3062 662 3104 ex
685 3061 723 3104 eo
746 3040 818 3124 ipso
843 3061 959 3125 genere
982 3039 1124 3124 reliquas
1149 3041 1307 3107 orationis

167 3170 259 3212 meaa
282 3151 509 3233 argumentum
533 3150 642 3230 petere
666 3147 750 3231 apud
775 3169 825 3211 me
848 3146 1081 3212 constituerim.

257 3253 401 3318 Laudare
424 3254 458 3318 in
481 3253 675 3321 Falonalco
700 3253 887 3319 lenunuo
909 3254 959 3318 ΙΙΙ
983 3253 1207 3320 consuevimus
1232 3254 1308 3319 sim-

165 3361 345 3445 plicitatem
370 3383 528 3425 summam
553 3367 648 3446 atque
671 3361 921 3444 ingenuitatem,
944 3361 1076 3426 laudare
1099 3362 1307 3427 consiliorum

165 3468 438 3534 considerantiam
462 3471 495 3531 et
517 3466 851 3550 circumspicientiam,
874 3466 1005 3530 laudare
1029 3465 1147 3552 agendi
1170 3466 1306 3550 pruden-

165 3578 258 3658 tiam,
281 3575 382 3639 animi
406 3575 635 3657 constantiam,
658 3574 744 3638 vitae
767 3573 991 3658 frugalitatem
1010 3595 1047 3639 ac
1066 3572 1307 3657 parsimoniam,

165 3703 292 3745 morum
316 3680 523 3760 modestiam,
551 3701 658 3743 rerum
682 3679 824 3744 omnium
850 3678 1081 3743 continentiam
1106 3682 1203 3763 atque
1226 3683 1306 3744 tem·

165 3787 360 3871 percutiam:
385 3792 488 3851 otest
511 3786 592 3850 haec
614 3787 760 3869 profecto
785 3786 854 3850 laus
878 3785 1058 3850 iustissima
1081 3791 1114 3850 et
1132 3776 1306 3869 plurimum

164 3894 288 3958 habens
308 3892 564 3976 approbationis,
583 3897 680 3978 amne
699 3892 859 3976 imprimis
878 3914 952 3956 raro
972 3892 1057 3957 inter
1076 3915 1130 3957 eos
1151 3893 1307 3976 exemplo,

165 4001 282 4085 quibus
310 4000 344 4064 in
374 4021 472 4063 manu
500 4003 653 4083 potestas.
700 3998 822 4074 Quodsi
850 3999 964 4063 iisdem
992 4000 1087 4064 nobis
1115 4022 1153 4064 ea
1181 4000 1304 4084 praedi-

164 4107 268 4172 canda
291 4109 375 4190 sunt,
399 4128 481 4191 quae
505 4105 539 4169 in
560 4106 791 4190 augustissimo
809 4106 877 4171 filio
897 4106 1035 4171 maxime
1054 4106 1250 4171 admiremur
1272 4111 1306 4172 et

165 4218 295 4300 praeter
318 4218 425 4279 cetera
448 4213 670 4297 suspiciamus,
693 4213 827 4296 numqui
850 4212 922 4278 illas
941 4212 1149 4296 potissimum
1168 4213 1304 4279 virtutes
