2926 5040
515 341 649 391 sarran
672 342 720 390 su
743 342 879 391 russas
903 343 1052 390 usurpo.
1284 326 1347 391 231

266 484 356 551 Hac
378 484 485 572 igitur
502 487 629 550 remota
645 484 835 553 difficultate
854 486 1051 570 reliquorum
1071 486 1273 571 quorundam
1296 486 1349 552 hic

163 592 321 681 quidem
343 592 643 677 praetermittimus
662 593 907 678 expositionem,
930 593 985 658 ubi
1008 594 1041 659 id
1060 594 1170 680 agitur
1188 593 1292 659 solum
1312 597 1350 658 ut

167 697 475 785 antistrophicam
499 699 641 767 universi
669 699 821 766 carminis
845 699 900 784 qui
921 700 1001 764 velit
1023 700 1194 766 restituere
1218 722 1347 785 respon-

167 806 329 892 sionem,
349 806 385 871 ei
404 807 587 892 exemplum
606 806 736 892 aliquod
755 809 966 892 proponatur,
985 828 1049 872 non
1068 806 1248 892 perlectum
1267 805 1348 872 illud

168 912 418 997 omnibusque
440 912 583 978 numeris
607 913 803 997 absolutum,
831 912 989 978 eiusmodi
1018 916 1129 978 tamen
1156 913 1349 998 exemplum,

169 1020 267 1088 unde
300 1019 522 1106 proficiscens
548 1019 678 1086 facilius
705 1019 868 1105 quispiam
896 1019 973 1105 quid
997 1020 1191 1086 omninode
1215 1042 1347 1105 respon·

173 1128 279 1195 sione
306 1125 381 1191 ista
403 1125 614 1193 statuendum
636 1125 794 1210 videatur,
818 1125 960 1191 iudicare
983 1126 1096 1211 possit
1133 1126 1238 1190 Multa
1261 1125 1348 1191 enim

174 1235 381 1301 etiamnum
409 1229 603 1297 accuratiori
632 1252 703 1296 csse
734 1231 848 1298 relicta
875 1232 1078 1318 indagationi
1107 1231 1158 1297 vel
1182 1232 1215 1297 in
1239 1233 1347 1319 singu·

174 1343 295 1408 lorum
320 1337 534 1425 quorundam
555 1337 750 1403 tractatione
774 1338 825 1403 vel
848 1339 881 1404 in
906 1339 1115 1424 stropharum
1134 1339 1221 1403 iusta
1239 1340 1346 1426 dispo·
1361 1366 1388 1405 u

177 1450 311 1517 atium
336 1446 447 1533 probe
469 1444 625 1509 sentimus
654 1464 759 1528 neque
789 1442 1001 1509 difficultates
1031 1444 1234 1530 ignoramus,
1266 1468 1347 1531 quae

127 1594 135 1653 q
180 1562 241 1623 aut
266 1553 416 1622 omnino
440 1550 598 1617 removeri
616 1572 681 1616 non
705 1553 858 1636 poteraut
876 1556 933 1615 aut
955 1572 1010 1616 eas
1034 1550 1228 1637 flagitabant
1245 1559 1347 1620 muta·

140 1744 144 1751 ⁵
178 1664 307 1746 tiones,
338 1663 382 1724 nt
410 1657 554 1724 dubitari
577 1656 696 1743 possit,
724 1680 764 1722 an
793 1657 1058 1742 probabilitatem
1087 1664 1218 1745 superet
1241 1683 1347 1727 emon·

180 1768 334 1835 dationis
355 1764 528 1830 violentia
555 1761 725 1829 Eiusmodi
743 1768 819 1828 sunt
837 1762 955 1828 dubiae
973 1765 1146 1830 nonnullae
1170 1770 1346 1834 metrorum

178 1874 439 1963 responsiones,
458 1869 614 1936 eiusmodi
636 1869 748 1935 hiatus
767 1869 822 1934 illc
843 1871 1264 1957 vss.122.123sdmissus3
1283 1875 1347 1942 huc

179 1984 328 2071 pertinet
354 1978 519 2065 ambigua
540 1999 603 2042 vss.
630 1976 701 2041 131.
727 1977 791 2042 132
813 1978 1024 2043 correctionis
1047 1979 1145 2063 ratio,
1174 1978 1237 2047 huc
1260 1981 1346 2048 deni·

178 2114 240 2178 que
262 2090 436 2176 suspecta
459 2106 540 2150 sane
564 2105 676 2150 corum
700 2084 838 2149 mutatio
861 2090 1053 2171 metrorum,
1077 2108 1159 2172 quae
1183 2111 1255 2154 cum
1279 2112 1346 2157 om·

176 2199 251 2266 nino
274 2217 352 2264 non
377 2191 547 2259 inusitata
568 2195 644 2257 scrut
665 2197 737 2258 tum
759 2192 917 2277 exemplis
940 2194 1195 2278 comprobantur
1217 2216 1254 2260 ex
1273 2196 1346 2282 ipso

176 2304 234 2373 huc
255 2301 425 2372 carmine
447 2299 574 2385 petitis,
595 2298 696 2364 veluti
719 2322 750 2364 v.
771 2299 834 2364 122
853 2299 1014 2385 ἰχθυβόλῳ
1032 2306 1160 2383 μαχανᾷ
1177 2303 1347 2370 Ποεειδάν.

173 2412 260 2481 Haec
284 2410 410 2499 igitur
431 2405 612 2492 cogitanda
629 2405 805 2490 omniaque
822 2407 928 2472 denuo
946 2407 1014 2473 suis
1034 2407 1261 2493 perpendenda
1281 2432 1345 2476 mo

171 2521 304 2605 mentis,
332 2519 480 2584 certum
503 2516 541 2577 ut
562 2512 632 2577 fieri
654 2511 695 2577 dc
716 2512 780 2579 hoc
802 2513 945 2578 carmine
967 2513 1120 2580 iudicium
1143 2515 1249 2600 possit
1266 2516 1345 2583 ista·

168 2653 225 2715 que
253 2626 491 2711 disceptetur
520 2620 682 2704 quaestio,
709 2642 787 2685 num
814 2643 873 2705 per
901 2624 1007 2686 totum
1031 2622 1193 2707 pertinere
1216 2645 1345 2690 carmen

161 2731 427 2821 antistrophica
467 2726 617 2793 videatur
652 2726 821 2812 responsio
854 2750 894 2792 un
929 2727 1027 2793 etiam
1061 2730 1345 2816 monostrophicac

156 2846 217 2911 sint
248 2835 471 2930 particulae
496 2831 655 2916 quaedam
679 2833 860 2918 quibusque
887 2833 974 2918 illae,
1001 2846 1180 2901 extremum
1206 2839 1231 2901 si
1256 2862 1344 2924 repc-

153 2955 263 3021 n'atur
285 2965 439 3024 verum,
463 2938 587 3004 finibus
605 2940 837 3005 contineantur.
874 2941 1017 3017 Quorum
1038 2943 1204 3029 indagatio
1223 2946 1264 3010 ab
1284 2946 1344 3011 hoc

147 3061 285 3149 quidem
318 3057 411 3120 loco
440 3047 559 3113 aliena
582 3052 640 3112 est„
