2962 5032
458 305 722 367 snunorrronrs
746 304 958 352 ennvrrnnu.
1215 287 1280 352 443

120 452 278 516 occidunt
304 454 338 515 et
359 449 486 515 Danae
507 447 674 530 Ephesiae,
707 470 809 532 pauca
836 448 893 512 illa
920 449 1066 531 exempla
1089 447 1281 513 conferenda

118 562 223 641 sunt,
246 559 281 622 in
305 557 423 643 quibus
445 555 547 620 thesis
571 555 680 620 cretici
704 555 794 640 pedis
818 555 944 619 hiatum
967 555 1080 638 habet,
1103 578 1168 620 non
1191 556 1280 621 brevi

116 665 254 749 vocali,
276 665 332 729 sed
355 666 471 749 longae
495 662 695 746 correptione
719 662 875 744 effectum,
899 683 1097 746 quamquam
1120 684 1185 726 non
1209 685 1281 746 pro·

117 773 200 856 prii
225 771 366 836 nominis
385 774 502 835 natura
520 771 716 852 excusatum,
736 790 845 833 rerum
865 769 945 832 satie
964 772 1075 832 tamen
1095 773 1281 834 excusatum

118 879 287 943 lentioris
311 878 560 943 enumerationis
585 898 686 958 pausa
710 875 832 960 aliqua:
857 880 892 938 ut

353 1003 434 1085 hrte
458 1020 669 1105 gymnastico,
692 1018 788 1096 disco,
810 1017 924 1102 bustis,
947 1019 1024 1102 pila,

354 1125 471 1204 Cursu,
493 1125 604 1209 armis,
628 1148 720 1211 equo.

131 1272 234 1349 Quod
258 1292 367 1357 genus,
390 1269 555 1354 pertinens
579 1267 658 1332 illud
677 1268 777 1332 etiam
796 1268 835 1333 ad
855 1268 1000 1332 senarios
1020 1268 1283 1352 septenariusque

135 1400 275 1443 numero
299 1398 427 1461 paucos,
450 1374 656 1441 Hermannus
675 1375 829 1439 tractavit
842 1373 944 1438 Elem.
959 1374 1058 1439 doctr.
1075 1378 1164 1439 metr.
1179 1398 1207 1458 p.
1218 1376 1282 1439 207

137 1485 212 1550 coll.
239 1484 315 1566 190,
348 1486 381 1548 et
412 1483 447 1547 in
479 1504 602 1566 nupera
635 1481 807 1566 Epitomae
840 1481 980 1545 editione
1012 1504 1042 1564 p.
1066 1482 1118 1547 34.
1163 1480 1285 1566 Magna
1299 1503 1369 1544 corr

138 1598 251 1657 tamen
275 1591 426 1656 cautione
454 1611 535 1673 opus
561 1591 673 1653 estne
697 1610 832 1672 pausam
857 1589 1014 1653 orationis
1038 1589 1205 1674 confingas
1229 1588 1283 1653 ubi

139 1699 248 1762 nullus
272 1698 300 1761 ei
324 1698 423 1761 locus.
453 1695 554 1760 Velut
575 1693 691 1759 Militis
717 1695 809 1759 initio
834 1696 1099 1778 probabilitatem
1122 1716 1180 1760 nec
1204 1695 1283 1760 haec

138 1827 293 1870 mensura

230 1909 456 1996 praestringat
478 1909 643 1975 oculorum
668 1909 769 1973 aciem
793 1908 826 1973 in
849 1909 914 1974 a‘cic
936 1909 1089 1992 lro'stibus,

139 2077 199 2120 nec
224 2055 303 2118 haec
325 2053 439 2136 habet,
467 2074 663 2137 quamquam
692 2051 733 2115 ab
757 2054 946 2116 accentuum
969 2053 1125 2116 varietate
1136 2050 1168 2136 *)
1192 2073 1283 2135 prae·

141 2161 299 2245 stabilior,

230 2263 455 2351 Praestringat
478 2265 644 2331 oculorum
669 2267 767 2330 aciens
791 2266 824 2331 in
848 2267 914 2331 acie
938 2266 1100 2332 hostibus:

141 2394 196 2459 sed
221 2391 342 2478 aliquid
366 2391 492 2474 excidit,
515 2390 600 2476 quod
623 2393 702 2474 puto
726 2391 788 2455 hoc
812 2413 897 2456 esse:

231 2531 458 2619 Praestringat
481 2534 647 2600 oculorum
672 2534 773 2598 ricicm
796 2535 862 2598 ucri
885 2533 919 2598 in
943 2534 1010 2598 acie
1034 2534 1248 2618 hostibus.**)

143 2679 190 2743 Ao
214 2698 254 2741 ne
278 2676 327 2740 illi
350 2675 480 2760 quidem
500 2676 671 2741 Asinariae
695 2698 830 2741 scaenae
853 2675 909 2760 lv,
932 2680 958 2760 1,
982 2699 1078 2762 quam
1102 2676 1284 2760 designavit

140 2785 358 2866 Hermannus,
381 2786 507 2847 tantum
531 2782 689 2866 hiatuum,
713 2786 868 2867 quantum
892 2782 968 2846 libri
993 2782 1209 2866 prodiderunt,
1232 2805 1283 2848 me

141 2890 316 2957 concedere
330 2889 394 2953 iam
410 2910 507 2974 supra
522 2888 646 2953 ostendi
662 2890 940 2972 p.cbxx111[415].
964 2886 1114 2953 Ceterum
1129 2889 1251 2954 sublati
1265 2913 1285 2954 a

141 2999 235 3065 nobis
255 2996 288 3062 in
303 2996 493 3061 Trinummo
512 2995 621 3060 hiatus
646 2996 794 3081 exempla
816 2997 849 3061 in
873 2996 938 3061 illis
963 3019 1080 3080 quaere
1104 3020 1185 3081 quae
1205 2996 1284 3062 cVI

140 3173 298 3245 reptionem
317 3189 380 3227 cum
398 3170 479 3226 hiatu
498 3165 775 3240 coniunctumque&
796 3178 870 3226 anrut
888 3171 988 3227 Bacch.
1001 3177 1063 3240 342)
1083 3189 1114 3227 uc
1133 3172 1284 3243 diphthon-

140 3282 193 3335 gus
216 3262 344 3332 admisit,
370 3259 412 3314 ita
433 3259 464 3314 in
486 3260 514 3313 ci
537 3275 648 3328 quoquc
670 3260 716 3315 rel
739 3261 771 3314 ci
789 3259 996 3332 diphthongum
1016 3263 1115 3318 cadere
1135 3264 1284 3332 utrumque

141 3353 360 3410 consentaneum
393 3351 452 3405 est:
490 3348 563 3404 unde
596 3365 652 3403 non
685 3351 795 3403 tentum
832 3344 900 3418 quoi
934 3352 1039 3405 leomini
1071 3352 1157 3407 tutati
1189 3370 1284 3406 summ

140 3460 167 3512 p.
182 3455 288 3497 omn
303 3440 391 3512 [414]‚
410 3440 458 3494 sed
477 3437 563 3494 etism
581 3438 646 3507 quoi
659 3440 772 3507 imperes
791 3455 854 3492 cum
871 3441 993 3494 sicilico
1007 3439 1141 3494 collatum
1159 3458 1187 3509 p.
1198 3455 1282 3495 cxxn

141 3531 233 3602 [372]:
261 3528 309 3584 ubi
333 3529 407 3585 solas
430 3545 477 3584 reu
499 3545 554 3582 nea
577 3527 729 3597 particulas
752 3527 789 3581 ab
813 3527 929 3582 elisione
952 3528 1128 3583 exclusimus.
1166 3529 1245 3583 Adde
1268 3548 1284 3584 e

140 3620 243 3676 Bacch.
263 3625 315 3675 392
335 3618 413 3691 [424]
432 3619 463 3672 id
481 3619 546 3687 quoi
563 3617 696 3685 obtiperut
715 3616 776 3687 [ubi
795 3616 823 3670 in
842 3615 966 3671 aditione
985 3616 1154 3672 Ritschelius
1173 3617 1285 3688 scripsit

139 3710 171 3763 id
189 3725 269 3777 quom
287 3706 442 3777 optiperat}

248 3796 274 3865 *)
293 3797 370 3850 Haec
393 3813 478 3864 quam
503 3795 559 3850 vim
578 3795 695 3861 habeat,
723 3795 788 3864 post
806 3793 996 3849 Hermannum
1016 3793 1116 3864 Opnsc.
1135 3795 1160 3847 ll
1184 3813 1211 3864 p.
1231 3801 1284 3850 284

141 3886 408 3952 Lachmannumque
426 3883 457 3939 in
474 3883 599 3954 Propert.
613 3903 640 3954 p.
653 3891 701 3939 111
714 3902 774 3953 sqq.
793 3883 933 3938 neminem
952 3883 1033 3954 fugit.
1060 3883 1167 3938 Eadem
1186 3901 1285 3939 caussa

141 3974 197 4029 init
214 3991 264 4028 cur
281 3974 310 4028 in
328 3972 428 4028 Militis
447 3991 529 4028 versu
546 3976 595 4042 qui
613 3976 700 4028 amico
718 3976 755 4028 sit
773 3974 878 4027 amicita
896 3973 983 4042 irrepis
1002 3989 1085 4041 supra
1103 3973 1284 4042 probaremus

139 4081 167 4133 p.
186 4076 295 4117 oxxm
314 4063 390 4134 [381]
409 4062 521 4132 aliaque
540 4062 609 4117 alibi
628 4063 726 4118 multa.
754 4063 827 4117 Nam
846 4062 922 4132 quod
940 4060 969 4116 in
988 4062 1157 4117 contrariam
1175 4063 1284 4131 partem

141 4149 286 4206 Bentleius
314 4150 439 4206 decrevit
465 4150 494 4206 in
522 4151 606 4207 Andr.
627 4153 753 4221 11,a.s.
778 4150 848 4206 Eun.
868 4151 901 4218 V,
921 4158 945 4219 ⁶2,
966 4158 1006 4207 19.
1033 4151 1284 4220 Heaut.1‚e,re,

140 4257 205 4294 cum
230 4239 267 4293 ad
288 4255 323 4294 ea
346 4239 474 4309 exempla
497 4239 619 4310 pertinet
640 4257 759 4309 quorum
782 4239 971 4295 diversissima
993 4238 1064 4296 ratio
1088 4241 1143 4309 est,
1166 4243 1227 4294 tum
1249 4256 1284 4294 ne

142 4344 237 4382 rernm
256 4327 369 4396 quidem
388 4328 464 4382 omni
483 4332 614 4398 exparte
633 4329 730 4384 haberi
747 4331 849 4398 potest.

232 4414 273 4485 ss)
293 4415 347 4488 [cfi
367 4416 438 4473 Nor.
458 4434 516 4474 exc.
535 4417 626 4472 Plaut
647 4419 658 4472 Ι
677 4436 704 4488 Ρ·
724 4420 822 4489 70811]
