2926 5040
426 352 694 402 unnnnnrroms
719 354 928 402 ensvurunn.
1188 341 1253 405 453

91 495 254 560 ditantur
277 495 417 561 mediam
442 497 616 581 corripere:
640 497 671 562 id
691 498 776 582 quod
795 497 956 562 rationem
976 503 1008 562 et
1025 500 1252 565 necessitatem

93 604 142 668 ita
167 607 303 670 tantum
331 604 517 670 habiturum
546 608 646 689 esset,
675 605 702 669 si
732 605 797 669 illis
825 605 858 668 in
888 604 977 669 exitu
1007 627 1157 670 versuum
1185 629 1252 671 urn-

91 733 194 795 quam
221 715 313 776 esset
335 710 426 776 locus
449 733 627 777 concessus.

183 816 371 883 Licentiam
395 839 522 882 omnem
546 818 711 884 alterius
736 818 861 903 partis
885 820 1142 904 senariorum,
1171 841 1252 906 quae

87 930 138 989 eat
167 928 267 1009 post
296 946 509 1008 caesuram,
537 927 724 1011 complexus
753 949 833 990 sum.
879 924 964 990 Nam
993 927 1078 1011 quod
1107 927 1186 991 talia
1216 934 1253 990 ut

86 1032 277 1096 meinimis
305 1032 451 1114 recipiam
474 1035 641 1096 accentum
671 1033 776 1097 solent
800 1032 832 1094 in
855 1036 972 1115 quarta
996 1055 1015 1096 a
1039 1034 1102 1097 fine
1126 1033 1251 1118 syllaba

83 1138 229 1223 babere,
257 1160 301 1203 aa
328 1161 387 1204 neo
410 1139 540 1204 lieentia
564 1139 671 1223 potius
695 1163 793 1225 quam
817 1141 1018 1206 consuetudo
1043 1141 1104 1204 fuit
1126 1162 1186 1204 nec
1209 1140 1250 1204 ab

81 1244 153 1310 nlla
176 1250 284 1331 parte
304 1266 454 1310 versuum
474 1247 603 1310 exclusa
621 1251 684 1311 est:
709 1248 828 1331 quippe
847 1268 978 1332 prorsus
998 1271 1062 1332 quo
1082 1247 1250 1331 dactylicis

77 1353 244 1434 vocibus,
279 1352 390 1416 solnta
422 1352 551 1437 quidem
584 1353 661 1434 arsi,
695 1353 993 1438 quadrisyllabo
1027 1354 1135 1418 omnia
1168 1376 1250 1438 quae

73 1458 441 1545 proceleusmatici
464 1481 649 1523 mensuram
679 1464 820 1544 aequant
849 1459 962 1524 habita
985 1465 1061 1525 sunt
1083 1461 1249 1543 dactyli-

70 1587 308 1650 eorumque
327 1570 492 1631 accentum
512 1569 692 1647 servarunt,
712 1567 761 1630 vel
781 1565 973 1631 ereticorum
993 1589 1074 1651 quae
1093 1589 1249 1651 prasonem

68 1677 245 1759 quartum
272 1676 427 1757 aequant,
455 1695 514 1738 nee
538 1673 643 1737 minus
668 1673 700 1736 in
726 1673 1002 1756 antepnenultimo
1027 1696 1122 1756 quam
1147 1674 1181 1737 in
1204 1673 1250 1736 ul·

66 1780 162 1847 timo
179 1779 279 1864 pede
296 1780 365 1844 sive
380 1779 579 1844 senariorum
595 1781 663 1844 sive
678 1778 933 1863 septenariorum
954 1777 1097 1863 (quando
1116 1780 1248 1863 paenul-

63 1889 184 1953 timus
215 1886 427 1951 tribrachum
449 1909 513 1951 non
538 1887 738 1971 frequentius
763 1908 859 1970 quam
883 1907 1000 1969 purum
1024 1886 1169 1950 iambum
1193 1885 1248 1949 ad-

57 1996 205 2081 misit),
240 1999 284 2059 ut
311 1994 496 2058 odcuolm
523 2014 571 2058 mc
596 2015 633 2057 cr
656 1991 818 2075 Chrysalo,
845 1992 996 2074 cripitibus
1023 1993 1249 2075 pneumatibus,

55 2103 230 2170 utilioris
263 2121 400 2183 quacum
428 2099 562 2164 ‹iccubat
608 2098 646 2163 In
679 2099 795 2164 horum
826 2103 934 2163 autem
963 2122 1134 2170 numerum
1163 2099 1247 2164 infra
1315 2133 1322 2149 .

54 2209 311 2299 perspicietur
335 2206 432 2271 etiam
455 2206 637 2271 Trinummi
661 2206 741 2270 illud
762 2206 874 2271 venire
898 2229 926 2271 v.
953 2208 1027 2271 134:

167 2368 305 2453 Neque
328 2367 367 2431 de
390 2365 450 2432 illo
474 2368 645 2452 quicquam
669 2367 764 2450 ereptae
785 2368 897 2432 encerds
919 2389 1022 2451 neque
1048 2365 1210 2431 uenderes.
1261 2400 1378 2442 cmm

52 2532 136 2599 Nec
178 2530 252 2594 illa
286 2527 462 2613 singularis
492 2526 624 2592 licentia
653 2532 716 2609 est,
747 2527 832 2612 qnod
865 2528 1055 2593 iambicae
1086 2549 1193 2609 voces,
1226 2550 1246 2591 a

55 2660 227 2725 quarum
255 2634 407 2718 neglecto
430 2638 563 2697 accentu
588 2656 660 2698 cum
684 2640 798 2698 nostra
816 2634 992 2717 disputatio
1012 2638 1080 2697 tum
1101 2637 1244 2698 veterum

53 2753 264 2834 poetarum
295 2763 348 2804 ars
376 2741 481 2804 omnis
510 2741 657 2823 profectu
685 2746 747 2824 est,
777 2740 808 2803 in
833 2741 984 2805 omnibus
1008 2740 1140 2806 omnino
1164 2739 1243 2804 locis

55 2854 254 2920 admissae
286 2852 363 2911 sunt
385 2871 404 2910 a
428 2847 539 2930 quavis
564 2847 750 2912 condicione
775 2849 902 2912 liberae.
951 2847 1050 2911 Velut
1073 2852 1147 2911 aute
1171 2848 1242 2911 ulti·

56 2984 161 3027 mam
206 2953 382 3039 dipodiam
414 2953 612 3018 senariorum
643 2953 730 3018 'Prin
760 2956 800 3018 sl
830 2959 917 3035 potes
944 2976 981 3017 nc
1007 2956 1150 3035 suspicer,
1182 2956 1242 3017 1114

56 3088 175 3133 erranei
205 3061 443 3145 Meporcnidcs,
468 3062 527 3123 141
554 3081 638 3123 eirene
660 3063 901 3142 concreditmnst‚
926 3059 1002 3122 itcm
1028 3083 1055 3122 v.
1081 3060 1242 3123 1411221.

58 3175 147 3241 484.
177 3170 269 3235 486.
292 3168 368 3231 490.
396 3168 469 3231 530.
498 3168 572 3232 560.
603 3166 675 3229 741.
705 3168 777 3231 753.
826 3166 883 3230 Vel
917 3166 953 3229 in
986 3168 1104 3231 tertio
1135 3167 1242 3250 pede,

60 3279 163 3367 quod
198 3277 292 3340 hanc
321 3276 448 3337 tantum
476 3274 516 3338 ob
545 3296 692 3337 corrasam
721 3294 829 3336 rarum
853 3277 916 3355 ost,
946 3275 1022 3357 qnia
1045 3297 1109 3338 non
1133 3278 1242 3357 potest

61 3387 132 3452 nisi
168 3384 211 3448 in
242 3379 395 3443 versibus
424 3381 670 3465 penthemimcri
694 3403 828 3445 caesura
851 3383 1033 3445 carentibus
1058 3382 1162 3444 locum
1187 3380 1241 3442 bn·

63 3496 150 3560 bere
180 3494 223 3554 ut
251 3510 283 3551 v.
307 3486 385 3551 734:

166 3648 302 3716 Parata
325 3646 383 3711 dos
405 3649 524 3729 (tendat,
547 3646 609 3710 nisi
634 3648 820 3730 exspectare
844 3651 906 3710 uis:

67 3817 186 3881 multo
211 3809 322 3874 etiam
342 3807 445 3872 rarius
465 3808 520 3890 ita,
545 3812 581 3871 ut
600 3807 737 3871 iambica
758 3830 817 3871 vox
838 3807 869 3868 in
890 3806 1029 3871 secundo
1049 3804 1128 3888 pede
1148 3827 1240 3887 prae·

68 3922 184 4002 cedat,
210 3920 254 3982 ut
275 3913 350 3979 Ter.
373 3913 456 3978 Eun.
480 3913 519 3997 V,
547 3917 573 3996 1,
600 3916 652 3978 16:

167 4060 326 4127 Scelesta
349 4056 436 4121 medin
459 4056 532 4138 lupo'
553 4055 727 4120 commisti:
751 4053 908 4139 dispudet.

70 4226 146 4304 Quo
183 4228 306 4287 tamen
341 4216 446 4281 tribus
477 4216 623 4281 iambicis
656 4216 791 4299 podibus
824 4215 986 4280 continuis
1020 4216 1115 4299 longe
1148 4215 1238 4298 peior

69 4330 285 4400 Bacchidum
310 4323 490 4407 1111111311,
513 4326 543 4409 3,
572 4324 645 4387 110:

163 4474 204 4539 Id
233 4469 284 4537 mi
309 4464 398 4532 haud
422 4466 526 4531 utrdm
549 4466 642 4530 uelim
665 4465 761 4530 licere
785 4466 947 4549 intellego,
