2962 5032
501 354 766 406 sununamosvs
790 352 997 405 1111111111.
1256 334 1321 403 515

266 499 347 581 Hoc,
370 503 435 567 nisi
458 506 507 567 tu:
530 523 606 567 nam
629 501 675 567 mi
699 501 804 566 calido
827 501 920 566 dubis
943 500 1102 585 sanguine
1125 520 1260 584 poenas:

265 609 335 675 Nec
356 609 402 672 mi
425 631 539 673 aurum
562 629 661 693 posco
684 630 742 673 nec
766 609 811 672 mi
834 607 974 692 pretium
996 606 1163 671 dederitis:

178 738 212 797 et
234 733 379 800 Lucilius
403 734 487 818 apud
511 732 716 798 Priscianum
739 731 768 795 X
792 754 821 816 p.
845 732 910 795 903
936 732 1013 811 [536
1028 729 1095 812 K.]:

265 876 309 940 Et
333 899 405 941 cum
429 876 461 940 id
487 877 531 940 mi
554 877 645 939 uisus
669 875 774 938 facere
797 878 856 958 est,
879 877 949 938 tum
973 873 1055 937 retia
1077 873 1179 936 nexit:

176 1023 209 1082 et
232 1017 400 1084 Lucretius
424 1019 524 1083 semel
546 1018 606 1101 Ill,
632 1019 707 1083 105:

266 1159 462 1245 Magnopere
486 1161 520 1225 in
544 1181 608 1244 quo
632 1161 676 1223 mi
699 1159 822 1223 diuersi
845 1179 953 1223 errare
976 1157 1140 1222 uidentur:

178 1303 255 1367 item
280 1303 378 1366 semel
402 1300 558 1368 Horatius
583 1301 682 1367 Serm.
706 1301 732 1384 I,
755 1301 785 1385 9,
810 1302 867 1365 71:

265 1443 407 1528 Relligio
432 1449 492 1510 est.
524 1446 569 1508 At
592 1445 651 1508 mi:
676 1467 749 1509 sum
772 1443 882 1527 paullo
905 1444 1074 1527 infirmior,
1097 1466 1189 1528 unus,

178 1588 324 1672 quamvis
343 1587 390 1651 ibi
410 1587 614 1651 commodum
633 1586 730 1651 fuerit
748 1587 821 1650 mtst
839 1587 989 1653 seribere.
1020 1585 1133 1672 ltaque
1152 1586 1191 1649 de
1204 1572 1322 1650 Plauto

176 1695 202 1759 si
222 1699 311 1759 recte
330 1695 511 1776 observavi,
528 1694 636 1758 nescio
656 1716 696 1757 an
717 1693 795 1757 ferri
809 1694 854 1757 mi
869 1698 901 1758 et
915 1693 949 1757 in
964 1692 1113 1758 liberiore
1128 1697 1232 1757 metro
1247 1715 1322 1757 ana-

173 1801 321 1883 paestico
336 1801 486 1885 potuerit,
505 1801 555 1865 cui
571 1823 642 1865 eam
656 1800 796 1865 formam
815 1823 845 1884 p.
860 1817 1004 1865 cuxxvn
1020 1800 1112 1880 [418]
1128 1799 1271 1883 adhibui,
1290 1803 1324 1862 et

170 1907 318 1972 fortasse
333 1909 367 1972 in
381 1930 532 1973 caesurae
553 1907 737 1972 trochaicae
757 1908 804 1972 eis
823 1908 980 1992 exemplis
999 1928 1081 1991 quae
1092 1928 1131 2003 p.
1146 1923 1323 1972 cchxxvm
1339 1933 1442 1974 coxon

170 2015 271 2095 [503]
292 2015 440 2099 tractui,
463 2014 542 2078 item
561 2014 595 2077 in
615 2035 709 2079 versu
728 2014 838 2098 paullo
858 2023 933 2080 ante
952 2014 1054 2079 allato
1073 2013 1174 2078 Istaec
1200 2014 1252 2097 eqo
1279 2015 1324 2078 mi

166 2122 294 2203 se‘mper
306 2121 413 2186 babai:
433 2121 484 2185 cui
498 2120 618 2186 rationi
633 2121 862 2217 convenienter
889 2121 938 2185 sui
961 2121 1126 2205 praecepti
1150 2121 1323 2185 severitate

168 2229 325 2292 relaxata
343 2226 552 2292 Hermannus
570 2251 672 2312 nuper
696 2228 757 2293 Vbi
774 2229 820 2291 mi
837 2248 896 2309 pro
915 2248 989 2309 equo
1008 2227 1099 2292 lc'ctus
1117 2230 1205 2292 detur
1222 2226 1323 2291 edidit

171 2332 296 2398 Bacch.
313 2355 340 2398 v.
355 2335 486 2417 41[72]:
507 2335 662 2401 sedidem
676 2356 736 2399 nec
749 2334 864 2399 aarum
877 2336 938 2397 mi:
961 2335 1042 2415 quod
1062 2354 1113 2416 eqo
1136 2334 1250 2398 aarum
1270 2333 1323 2413 [of.

164 2461 203 2523 p.
230 2441 402 2524 51411111]
427 2441 554 2507 defendi
578 2426 683 2525 posse
701 2441 867 2525 intellego,
895 2460 954 2504 nec
977 2439 1032 2503 Mi
1058 2440 1201 2504 latitdbut
1228 2461 1265 2504 eo
1288 2440 1323 2504 in

163 2569 239 2632 quo
262 2569 350 2612 nunc
368 2569 535 2612 versamur
553 2546 736 2611 Trinummi
756 2569 860 2611 versu.
888 2545 973 2611 Hinc
987 2544 1121 2610 iudicari
1138 2546 1322 2611 deAmbro·

165 2655 258 2719 siani
283 2654 438 2719 memoria
461 2659 572 2738 potest
593 2676 621 2717 v.
646 2654 701 2718 53:
729 2655 856 2734 siquid
881 2657 931 2717 mi
959 2654 1073 2719 molest.
1119 2651 1322 2737 Quamquam

166 2761 322 2826 codicum
360 2761 477 2844 exigua
509 2761 641 2825 omnino
675 2761 707 2823 in
740 2759 803 2823 hoc
836 2779 953 2844 genere
985 2760 1065 2826 fides
1098 2766 1163 2844 est,
1200 2767 1236 2824 ut
1268 2762 1323 2846 qui

170 2868 364 2951 plerumque
392 2868 470 2932 mibi
497 2867 685 2946 exhibeant,
716 2867 816 2930 etiam
843 2866 900 2930 ubi
927 2870 1003 2931 ante
1034 2868 1178 2933 vocalem
1210 2890 1324 2933 mono·

170 2974 303 3058 syllubo
331 2976 376 3038 nsi
403 2973 617 3038 cummaxime
645 2993 727 3056 opus
755 2976 812 3038 est.
859 2971 930 3049 Qua
957 2978 1067 3039 tamen
1094 2974 1173 3039 milri
1200 2975 1323 3040 formae

170 3079 359 3163 frequentia
385 3102 425 3144 ne
453 3081 499 3144 its
527 3079 676 3161 abutare,
703 3083 740 3143 ut
763 3080 938 3144 eorundem
961 3079 1123 3163 codicum,
1152 3081 1255 3145 sicubi
1277 3083 1324 3145 mi

174 3186 370 3271 scripturam
393 3190 561 3264 testentur,
585 3189 678 3250 tanto
703 3186 858 3251 maiorem
883 3208 953 3252 esse
979 3187 1205 3252 auctoritatem
1230 3209 1323 3272 argu·

178 3296 335 3376 mentera,
362 3293 576 3377 reputandum
601 3296 651 3356 est
674 3292 910 3358 feracissimam
932 3315 1050 3377 pravae
1074 3295 1322 3378 permutationis

179 3421 327 3465 caussam
356 3399 516 3464 scribendi
540 3399 765 3483 compendium
788 3384 957 3485 defuisse,
985 3400 1069 3486 quod
1093 3422 1166 3465 eum
1190 3403 1324 3485 propria

178 3507 208 3570 vi
239 3528 299 3570 sua
327 3527 532 3590 nequaquam
560 3507 605 3570 mi
635 3506 845 3590 significaret,
878 3506 934 3572 sed
966 3508 1072 3590 ipsum
1104 3506 1195 3584 mibi,
1227 3528 1323 3590 saepe

179 3617 288 3677 tamen
316 3634 373 3697 per
403 3634 543 3677 errorem
575 3612 615 3676 ad
644 3613 904 3697 monosyllabum
932 3615 977 3677 mi
999 3614 1138 3678 formam
1165 3613 1322 3678 deflexum

178 3725 240 3803 est,
268 3726 304 3785 ut
332 3744 361 3785 v.
385 3722 414 3785 8.
438 3721 494 3804 54,
523 3719 612 3784 alibi.
638 3756 676 3764 -
708 3716 859 3783 Ceterum
887 3720 972 3803 quod
1000 3720 1321 3804 proceleusmaticum

178 3827 442 3891 Idlebricolcirum
466 3828 565 3891 etiam
590 3827 622 3890 in
647 3826 860 3891 annotatione
884 3826 924 3889 ad
943 3848 972 3889 v.
991 3828 1053 3893 241
1079 3827 1182 3910 posui,
1205 3825 1238 3889 id
1261 3825 1323 3889 etsi

177 3933 240 3997 lusi
267 3935 375 4018 potius
404 3956 500 4017 quam
529 3933 625 3996 fidem
655 3932 798 3997 invenire
826 3933 895 4016 ipse
922 3931 1026 4011 volui,
1057 3931 1184 3996 ratione
1212 3934 1321 3995 tamen

177 4041 237 4106 hae
258 4041 334 4124 feci,
363 4046 398 4104 ut
425 4041 459 4103 111
483 4040 650 4105 octonario
679 4037 713 4103 id
736 4060 830 4122 posse
853 4039 981 4103 licitum
1004 4038 1105 4103 fuisse
1129 4038 1323 4122 suspicarer,

178 4147 262 4232 quod
286 4149 399 4231 procul
423 4147 615 4211 habuissent
638 4146 822 4230 septenarii.
867 4143 953 4210 Nam
977 4147 1039 4211 etsi
1063 4146 1096 4210 111
1119 4146 1170 4210 his
1195 4166 1322 4230 quoque

177 4256 243 4319 scio
267 4254 333 4318 alis
356 4255 503 4337 exempla
526 4253 683 4338 quaedam
704 4255 839 4334 exstare,
862 4256 898 4315 ut
917 4250 984 4317 Mil.
1003 4252 1044 4336 V,
1062 4253 1115 4335 44,
1137 4256 1246 4316 tamen
1266 4272 1323 4315 cur

177 4384 215 4426 ne
231 4362 311 4426 haec
327 4360 454 4445 quidem
470 4360 685 4424 certissimam
701 4358 822 4442 alioqui
836 4358 997 4423 rationem
1017 4359 1181 4424 infirmare
1200 4363 1322 4443 putem,

179 4468 254 4541 olim
280 4469 461 4551 explicandi
487 4467 715 4551 opportunitas
739 4465 810 4529 erit.

1055 4570 1109 4624 aa*
