<?xml version="1.0" encoding="UTF-8"?>
<!DOCTYPE html PUBLIC "-//W3C//DTD XHTML 1.0 Transitional//EN"
    "http://www.w3.org/TR/xhtml1/DTD/xhtml1-transitional.dtd">
<html xmlns="http://www.w3.org/1999/xhtml" xml:lang="en" lang="en">
 <head>
  <title>
</title>
<meta http-equiv="Content-Type" content="text/html;charset=utf-8" />
  <meta name='ocr-system' content='tesseract 3.04.00' />
  <meta name='ocr-capabilities' content='ocr_page ocr_carea ocr_par ocr_line ocrx_word'/>
</head>
<body>
  <div class='ocr_page' id='page_1' title='image "./fridericiritsch02wachgoog_0080.png"; bbox 0 0 2962 5032; ppageno 0'>
   <div class='ocr_carea' id='block_1_1' title="bbox 341 317 1265 401">
    <p class='ocr_par' dir='ltr' id='par_1_1' title="bbox 341 317 1265 401">
     <span class='ocr_line' id='line_1_1' title="bbox 341 317 1265 401; baseline -0.002 -20"><span class='ocrx_word' id='word_1_1' title='bbox 341 334 413 382; x_wconf 85' lang='lat' dir='ltr'>unu</span> <span class='ocrx_word' id='word_1_2' title='bbox 439 334 497 380; x_wconf 81' lang='lat' dir='ltr'>un:</span> <span class='ocrx_word' id='word_1_3' title='bbox 523 333 710 401; x_wconf 78' lang='lat' dir='ltr'>narramus</span> <span class='ocrx_word' id='word_1_4' title='bbox 733 334 1050 382; x_wconf 78' lang='lat' dir='ltr'>rusurussruurnn.</span> <span class='ocrx_word' id='word_1_5' title='bbox 1224 317 1265 379; x_wconf 84' lang='grc'>61</span> 
     </span>
    </p>
   </div>
   <div class='ocr_carea' id='block_1_2' title="bbox 576 483 794 573">
    <p class='ocr_par' dir='ltr' id='par_1_2' title="bbox 576 483 794 573">
     <span class='ocr_line' id='line_1_2' title="bbox 576 483 794 573; baseline -0.009 -13"><span class='ocrx_word' id='word_1_6' title='bbox 576 483 579 488; x_wconf 42' lang='grc'><strong>’</strong></span> <span class='ocrx_word' id='word_1_7' title='bbox 600 505 745 573; x_wconf 79' lang='lat' dir='ltr'><strong>Anhang</strong></span> <span class='ocrx_word' id='word_1_8' title='bbox 767 504 794 559; x_wconf 91' lang='grc' dir='ltr'>Ι.</span> 
     </span>
    </p>
   </div>
   <div class='ocr_carea' id='block_1_3' title="bbox 256 636 1134 703">
    <p class='ocr_par' dir='ltr' id='par_1_3' title="bbox 256 636 1134 703">
     <span class='ocr_line' id='line_1_3' title="bbox 256 636 1134 703; baseline 0 -2"><span class='ocrx_word' id='word_1_9' title='bbox 256 637 409 703; x_wconf 91' lang='lat' dir='ltr'>Proben</span> <span class='ocrx_word' id='word_1_10' title='bbox 436 636 505 700; x_wconf 89' lang='lat' dir='ltr'>der</span> <span class='ocrx_word' id='word_1_11' title='bbox 526 637 793 702; x_wconf 88' lang='lat' dir='ltr'>lateinischen</span> <span class='ocrx_word' id='word_1_12' title='bbox 817 637 938 702; x_wconf 88' lang='lat' dir='ltr'>Prosa</span> <span class='ocrx_word' id='word_1_13' title='bbox 957 637 1134 702; x_wconf 86' lang='lat' dir='ltr'>Werler’s.</span> 
     </span>
    </p>
   </div>
   <div class='ocr_carea' id='block_1_4' title="bbox 684 815 796 880">
    <p class='ocr_par' dir='ltr' id='par_1_4' title="bbox 684 815 796 880">
     <span class='ocr_line' id='line_1_4' title="bbox 684 815 796 880; baseline 0 -12"><span class='ocrx_word' id='word_1_14' title='bbox 684 815 796 880; x_wconf 76' lang='grc'>1,,</span> 
     </span>
    </p>
   </div>
   <div class='ocr_carea' id='block_1_5' title="bbox 112 935 1267 1189">
    <p class='ocr_par' dir='ltr' id='par_1_5' title="bbox 112 935 1267 1189">
     <span class='ocr_line' id='line_1_5' title="bbox 146 935 1267 1007; baseline -0.003 -15"><span class='ocrx_word' id='word_1_15' title='bbox 146 1002 149 1007; x_wconf 28' lang='grc' dir='ltr'>Ι</span> <span class='ocrx_word' id='word_1_16' title='bbox 193 936 271 992; x_wconf 82' lang='lat' dir='ltr'>Briel</span> <span class='ocrx_word' id='word_1_17' title='bbox 291 956 328 993; x_wconf 90' lang='lat' dir='ltr'>an</span> <span class='ocrx_word' id='word_1_18' title='bbox 352 938 446 993; x_wconf 89' lang='lat' dir='ltr'>seinen</span> <span class='ocrx_word' id='word_1_19' title='bbox 471 937 622 991; x_wconf 72' lang='lat' dir='ltr'>Pensiontr</span> <span class='ocrx_word' id='word_1_20' title='bbox 647 937 801 1006; x_wconf 73' lang='lat' dir='ltr'>Dragstadt</span> <span class='ocrx_word' id='word_1_21' title='bbox 824 954 873 990; x_wconf 89' lang='lat' dir='ltr'>aus</span> <span class='ocrx_word' id='word_1_22' title='bbox 897 935 1041 1004; x_wconf 89' lang='lat' dir='ltr'>Eislebcn,</span> <span class='ocrx_word' id='word_1_23' title='bbox 1073 935 1115 990; x_wconf 92' lang='lat' dir='ltr'>als</span> <span class='ocrx_word' id='word_1_24' title='bbox 1144 935 1267 990; x_wconf 86' lang='lat' dir='ltr'>Vorrede</span> 
     </span>
     <span class='ocr_line' id='line_1_6' title="bbox 112 1024 1267 1095; baseline -0.002 -15"><span class='ocrx_word' id='word_1_25' title='bbox 112 1026 313 1094; x_wconf 82' lang='lat' dir='ltr'>vorgedruclrt</span> <span class='ocrx_word' id='word_1_26' title='bbox 331 1025 464 1080; x_wconf 85' lang='lat' dir='ltr'>Werler&#39;s</span> <span class='ocrx_word' id='word_1_27' title='bbox 482 1026 613 1095; x_wconf 87' lang='lat' dir='ltr'>Ausgabe</span> <span class='ocrx_word' id='word_1_28' title='bbox 637 1042 692 1080; x_wconf 85' lang='lat' dir='ltr'>von</span> <span class='ocrx_word' id='word_1_29' title='bbox 716 1025 779 1079; x_wconf 78' lang='lat' dir='ltr'>fdus</span> <span class='ocrx_word' id='word_1_30' title='bbox 796 1043 889 1095; x_wconf 88' lang='lat' dir='ltr'>sogen.</span> <span class='ocrx_word' id='word_1_31' title='bbox 908 1025 1112 1078; x_wconf 85' lang='lat' dir='ltr'>Lucianischcn</span> <span class='ocrx_word' id='word_1_32' title='bbox 1131 1024 1267 1093; x_wconf 81' lang='lat' dir='ltr'>llialogen</span> 
     </span>
     <span class='ocr_line' id='line_1_7' title="bbox 113 1113 668 1189; baseline -0.004 -19"><span class='ocrx_word' id='word_1_33' title='bbox 113 1115 232 1189; x_wconf 65' lang='lat' dir='ltr'>(hoster</span> <span class='ocrx_word' id='word_1_34' title='bbox 251 1119 339 1184; x_wconf 77' lang='lat' dir='ltr'>isra),</span> <span class='ocrx_word' id='word_1_35' title='bbox 358 1115 417 1169; x_wconf 79' lang='lat' dir='ltr'>Ful.</span> <span class='ocrx_word' id='word_1_36' title='bbox 439 1121 469 1168; x_wconf 71' lang='lat' dir='ltr'>1v</span> <span class='ocrx_word' id='word_1_37' title='bbox 488 1113 529 1167; x_wconf 82' lang='lat' dir='ltr'>bis</span> <span class='ocrx_word' id='word_1_38' title='bbox 549 1115 607 1169; x_wconf 75' lang='lat' dir='ltr'>For.</span> <span class='ocrx_word' id='word_1_39' title='bbox 628 1121 668 1168; x_wconf 68' lang='lat' dir='ltr'>sv.</span> 
     </span>
    </p>
   </div>
   <div class='ocr_carea' id='block_1_6' title="bbox 116 1221 1354 4507">
    <p class='ocr_par' dir='ltr' id='par_1_6' title="bbox 116 1221 1354 1486">
     <span class='ocr_line' id='line_1_8' title="bbox 196 1221 1354 1308; baseline 0.002 -18"><span class='ocrx_word' id='word_1_40' title='bbox 196 1238 393 1293; x_wconf 72' lang='lat' dir='ltr'>varvmaerr</span> <span class='ocrx_word' id='word_1_41' title='bbox 412 1237 577 1292; x_wconf 71' lang='lat' dir='ltr'>salinum</span> <span class='ocrx_word' id='word_1_42' title='bbox 595 1221 792 1307; x_wconf 77' lang='lat' dir='ltr'>philosophiae</span> <span class='ocrx_word' id='word_1_43' title='bbox 811 1239 949 1308; x_wconf 63' lang='lat' dir='ltr'>porussos</span> <span class='ocrx_word' id='word_1_44' title='bbox 968 1237 1097 1307; x_wconf 63' lang='lat' dir='ltr'>magicas</span> <span class='ocrx_word' id='word_1_45' title='bbox 1116 1238 1150 1291; x_wconf 73' lang='lat' dir='ltr'>aa</span> <span class='ocrx_word' id='word_1_46' title='bbox 1170 1238 1262 1292; x_wconf 77' lang='lat' dir='ltr'>mose·</span> <span class='ocrx_word' id='word_1_47' title='bbox 1278 1231 1354 1286; x_wconf 63' lang='lat' dir='ltr'>rud</span> 
     </span>
     <span class='ocr_line' id='line_1_9' title="bbox 116 1325 1268 1396; baseline -0.001 -15"><span class='ocrx_word' id='word_1_48' title='bbox 116 1326 275 1381; x_wconf 83' lang='lat' dir='ltr'>atissimum</span> <span class='ocrx_word' id='word_1_49' title='bbox 305 1330 334 1382; x_wconf 92' lang='lat' dir='ltr'>et</span> <span class='ocrx_word' id='word_1_50' title='bbox 363 1325 588 1380; x_wconf 90' lang='lat' dir='ltr'>honestissimum</span> <span class='ocrx_word' id='word_1_51' title='bbox 618 1326 825 1381; x_wconf 74' lang='lat' dir='ltr'>adulescentem</span> <span class='ocrx_word' id='word_1_52' title='bbox 851 1328 1039 1381; x_wconf 82' lang='lat' dir='ltr'>Alexandrum</span> <span class='ocrx_word' id='word_1_53' title='bbox 1069 1327 1268 1396; x_wconf 88' lang='lat' dir='ltr'>Dragstadium</span> 
     </span>
     <span class='ocr_line' id='line_1_10' title="bbox 117 1415 969 1486; baseline 0.002 -17"><span class='ocrx_word' id='word_1_54' title='bbox 117 1416 330 1485; x_wconf 86' lang='lat' dir='ltr'>Eyslebensem,</span> <span class='ocrx_word' id='word_1_55' title='bbox 349 1415 516 1485; x_wconf 89' lang='lat' dir='ltr'>discipulum</span> <span class='ocrx_word' id='word_1_56' title='bbox 536 1433 616 1468; x_wconf 89' lang='lat' dir='ltr'>suum</span> <span class='ocrx_word' id='word_1_57' title='bbox 636 1415 819 1470; x_wconf 88' lang='lat' dir='ltr'>domesticum</span> <span class='ocrx_word' id='word_1_58' title='bbox 840 1417 969 1486; x_wconf 87' lang='lat' dir='ltr'>epistola.</span> 
     </span>
    </p>

    <p class='ocr_par' dir='ltr' id='par_1_7' title="bbox 117 1504 1350 4148">
     <span class='ocr_line' id='line_1_11' title="bbox 214 1504 1267 1575; baseline -0.001 -16"><span class='ocrx_word' id='word_1_59' title='bbox 214 1506 286 1570; x_wconf 85' lang='lat' dir='ltr'>Qum</span> <span class='ocrx_word' id='word_1_60' title='bbox 310 1521 399 1575; x_wconf 87' lang='lat' dir='ltr'>nuper</span> <span class='ocrx_word' id='word_1_61' title='bbox 422 1504 513 1559; x_wconf 88' lang='lat' dir='ltr'>latina</span> <span class='ocrx_word' id='word_1_62' title='bbox 532 1504 669 1572; x_wconf 87' lang='lat' dir='ltr'>quaedam</span> <span class='ocrx_word' id='word_1_63' title='bbox 690 1507 719 1558; x_wconf 88' lang='lat' dir='ltr'>et</span> <span class='ocrx_word' id='word_1_64' title='bbox 736 1506 807 1559; x_wconf 85' lang='lat' dir='ltr'>hacc</span> <span class='ocrx_word' id='word_1_65' title='bbox 825 1522 881 1559; x_wconf 91' lang='lat' dir='ltr'>non</span> <span class='ocrx_word' id='word_1_66' title='bbox 900 1523 998 1575; x_wconf 88' lang='lat' dir='ltr'>pamm</span> <span class='ocrx_word' id='word_1_67' title='bbox 1018 1505 1108 1559; x_wconf 87' lang='lat' dir='ltr'>multa</span> <span class='ocrx_word' id='word_1_68' title='bbox 1126 1504 1267 1559; x_wconf 85' lang='lat' dir='ltr'>variorum</span> 
     </span>
     <span class='ocr_line' id='line_1_12' title="bbox 118 1593 1266 1664; baseline -0.002 -15"><span class='ocrx_word' id='word_1_69' title='bbox 118 1595 291 1664; x_wconf 86' lang='lat' dir='ltr'>scriptorum</span> <span class='ocrx_word' id='word_1_70' title='bbox 310 1593 454 1648; x_wconf 87' lang='lat' dir='ltr'>volumina</span> <span class='ocrx_word' id='word_1_71' title='bbox 472 1594 501 1647; x_wconf 91' lang='lat' dir='ltr'>in</span> <span class='ocrx_word' id='word_1_72' title='bbox 515 1610 615 1647; x_wconf 85' lang='lat' dir='ltr'>manus</span> <span class='ocrx_word' id='word_1_73' title='bbox 630 1594 818 1663; x_wconf 80' lang='lat' dir='ltr'>sumpsissem,</span> <span class='ocrx_word' id='word_1_74' title='bbox 839 1595 997 1649; x_wconf 81' lang='lat' dir='ltr'>Alexander</span> <span class='ocrx_word' id='word_1_75' title='bbox 1015 1595 1054 1649; x_wconf 93' lang='lat' dir='ltr'>mi</span> <span class='ocrx_word' id='word_1_76' title='bbox 1067 1594 1266 1648; x_wconf 88' lang='lat' dir='ltr'>iucundissime</span> 
     </span>
     <span class='ocr_line' id='line_1_13' title="bbox 118 1671 1268 1752; baseline -0.002 -16"><span class='ocrx_word' id='word_1_77' title='bbox 118 1687 209 1752; x_wconf 90' lang='lat' dir='ltr'>atque</span> <span class='ocrx_word' id='word_1_78' title='bbox 228 1681 442 1751; x_wconf 85' lang='lat' dir='ltr'>amabilissime,</span> <span class='ocrx_word' id='word_1_79' title='bbox 470 1699 525 1736; x_wconf 90' lang='lat' dir='ltr'>non</span> <span class='ocrx_word' id='word_1_80' title='bbox 545 1682 658 1737; x_wconf 91' lang='lat' dir='ltr'>omnino</span> <span class='ocrx_word' id='word_1_81' title='bbox 682 1671 881 1752; x_wconf 84' lang='lat' dir='ltr'>intempestive</span> <span class='ocrx_word' id='word_1_82' title='bbox 901 1700 929 1737; x_wconf 88' lang='lat' dir='ltr'>se</span> <span class='ocrx_word' id='word_1_83' title='bbox 949 1685 1015 1737; x_wconf 91' lang='lat' dir='ltr'>tuuc</span> <span class='ocrx_word' id='word_1_84' title='bbox 1035 1684 1196 1737; x_wconf 87' lang='lat' dir='ltr'>obtulerunt</span> <span class='ocrx_word' id='word_1_85' title='bbox 1215 1682 1268 1735; x_wconf 90' lang='lat' dir='ltr'>Lu-</span> 
     </span>
     <span class='ocr_line' id='line_1_14' title="bbox 120 1771 1267 1841; baseline -0.003 -15"><span class='ocrx_word' id='word_1_86' title='bbox 120 1773 197 1826; x_wconf 87' lang='lat' dir='ltr'>ciani</span> <span class='ocrx_word' id='word_1_87' title='bbox 212 1771 407 1826; x_wconf 78' lang='lat' dir='ltr'>samosataeui</span> <span class='ocrx_word' id='word_1_88' title='bbox 426 1771 547 1826; x_wconf 89' lang='lat' dir='ltr'>hominis</span> <span class='ocrx_word' id='word_1_89' title='bbox 567 1788 633 1826; x_wconf 87' lang='lat' dir='ltr'>sanc</span> <span class='ocrx_word' id='word_1_90' title='bbox 648 1772 724 1826; x_wconf 91' lang='lat' dir='ltr'>docti</span> <span class='ocrx_word' id='word_1_91' title='bbox 739 1789 789 1825; x_wconf 86' lang='lat' dir='ltr'>nee</span> <span class='ocrx_word' id='word_1_92' title='bbox 804 1772 936 1825; x_wconf 80' lang='lat' dir='ltr'>ineruditi</span> <span class='ocrx_word' id='word_1_93' title='bbox 955 1789 1041 1841; x_wconf 86' lang='lat' dir='ltr'>opera</span> <span class='ocrx_word' id='word_1_94' title='bbox 1060 1774 1118 1825; x_wconf 88' lang='lat' dir='ltr'>tum</span> <span class='ocrx_word' id='word_1_95' title='bbox 1139 1772 1174 1826; x_wconf 90' lang='lat' dir='ltr'>de</span> <span class='ocrx_word' id='word_1_96' title='bbox 1194 1773 1267 1824; x_wconf 88' lang='lat' dir='ltr'>veris</span> 
     </span>
     <span class='ocr_line' id='line_1_15' title="bbox 118 1859 1268 1928; baseline -0.003 -13"><span class='ocrx_word' id='word_1_97' title='bbox 118 1860 332 1915; x_wconf 82' lang='lat' dir='ltr'>narrationibus</span> <span class='ocrx_word' id='word_1_98' title='bbox 355 1859 512 1928; x_wconf 88' lang='lat' dir='ltr'>perscripta</span> <span class='ocrx_word' id='word_1_99' title='bbox 534 1859 754 1913; x_wconf 78' lang='lat' dir='ltr'>luculentissime</span> <span class='ocrx_word' id='word_1_100' title='bbox 774 1863 832 1912; x_wconf 89' lang='lat' dir='ltr'>tum</span> <span class='ocrx_word' id='word_1_101' title='bbox 853 1861 887 1913; x_wconf 91' lang='lat' dir='ltr'>de</span> <span class='ocrx_word' id='word_1_102' title='bbox 907 1860 969 1914; x_wconf 90' lang='lat' dir='ltr'>aliis</span> <span class='ocrx_word' id='word_1_103' title='bbox 996 1878 1105 1928; x_wconf 88' lang='lat' dir='ltr'>quoque</span> <span class='ocrx_word' id='word_1_104' title='bbox 1124 1860 1206 1913; x_wconf 90' lang='lat' dir='ltr'>rebus</span> <span class='ocrx_word' id='word_1_105' title='bbox 1226 1875 1268 1913; x_wconf 91' lang='lat' dir='ltr'>re-</span> 
     </span>
     <span class='ocr_line' id='line_1_16' title="bbox 123 1947 1267 2017; baseline -0.003 -13"><span class='ocrx_word' id='word_1_106' title='bbox 123 1949 245 2004; x_wconf 89' lang='lat' dir='ltr'>conditis</span> <span class='ocrx_word' id='word_1_107' title='bbox 264 1964 297 2003; x_wconf 90' lang='lat' dir='ltr'>ac</span> <span class='ocrx_word' id='word_1_108' title='bbox 312 1947 385 2002; x_wconf 89' lang='lat' dir='ltr'>scitu</span> <span class='ocrx_word' id='word_1_109' title='bbox 400 1947 572 2017; x_wconf 80' lang='lat' dir='ltr'>dignissimis</span> <span class='ocrx_word' id='word_1_110' title='bbox 586 1947 772 2016; x_wconf 78' lang='lat' dir='ltr'>pulcherrime</span> <span class='ocrx_word' id='word_1_111' title='bbox 786 1949 984 2017; x_wconf 83' lang='lat' dir='ltr'>verissimeque</span> <span class='ocrx_word' id='word_1_112' title='bbox 999 1950 1170 2003; x_wconf 85' lang='lat' dir='ltr'>elucubrata.</span> <span class='ocrx_word' id='word_1_113' title='bbox 1191 1948 1267 2014; x_wconf 81' lang='lat' dir='ltr'>Quae</span> 
     </span>
     <span class='ocr_line' id='line_1_17' title="bbox 120 2036 1267 2107; baseline 0 -17"><span class='ocrx_word' id='word_1_114' title='bbox 120 2038 188 2091; x_wconf 91' lang='lat' dir='ltr'>dum</span> <span class='ocrx_word' id='word_1_115' title='bbox 209 2037 306 2092; x_wconf 87' lang='lat' dir='ltr'>ordine</span> <span class='ocrx_word' id='word_1_116' title='bbox 326 2054 390 2104; x_wconf 87' lang='lat' dir='ltr'>suo,</span> <span class='ocrx_word' id='word_1_117' title='bbox 416 2036 457 2090; x_wconf 91' lang='lat' dir='ltr'>dii</span> <span class='ocrx_word' id='word_1_118' title='bbox 475 2036 554 2102; x_wconf 81' lang='lat' dir='ltr'>boni,</span> <span class='ocrx_word' id='word_1_119' title='bbox 579 2037 624 2090; x_wconf 84' lang='lat' dir='ltr'>vix</span> <span class='ocrx_word' id='word_1_120' title='bbox 643 2037 737 2091; x_wconf 88' lang='lat' dir='ltr'>verbis</span> <span class='ocrx_word' id='word_1_121' title='bbox 756 2036 889 2105; x_wconf 88' lang='lat' dir='ltr'>consequi</span> <span class='ocrx_word' id='word_1_122' title='bbox 908 2054 1018 2107; x_wconf 88' lang='lat' dir='ltr'>possum</span> <span class='ocrx_word' id='word_1_123' title='bbox 1039 2041 1144 2106; x_wconf 88' lang='lat' dir='ltr'>quanto</span> <span class='ocrx_word' id='word_1_124' title='bbox 1163 2037 1267 2107; x_wconf 88' lang='lat' dir='ltr'>gaudio</span> 
     </span>
     <span class='ocr_line' id='line_1_18' title="bbox 124 2125 1269 2195; baseline -0.001 -15"><span class='ocrx_word' id='word_1_125' title='bbox 124 2130 286 2194; x_wconf 85' lang='lat' dir='ltr'>quantaque</span> <span class='ocrx_word' id='word_1_126' title='bbox 305 2125 393 2180; x_wconf 90' lang='lat' dir='ltr'>animi</span> <span class='ocrx_word' id='word_1_127' title='bbox 411 2125 567 2194; x_wconf 73' lang='lat' dir='ltr'>alacritate,</span> <span class='ocrx_word' id='word_1_128' title='bbox 587 2129 619 2180; x_wconf 90' lang='lat' dir='ltr'>ut</span> <span class='ocrx_word' id='word_1_129' title='bbox 638 2143 764 2195; x_wconf 88' lang='lat' dir='ltr'>quaeque</span> <span class='ocrx_word' id='word_1_130' title='bbox 784 2130 865 2181; x_wconf 88' lang='lat' dir='ltr'>erant</span> <span class='ocrx_word' id='word_1_131' title='bbox 883 2128 1029 2195; x_wconf 85' lang='lat' dir='ltr'>collocata,</span> <span class='ocrx_word' id='word_1_132' title='bbox 1047 2128 1220 2181; x_wconf 88' lang='lat' dir='ltr'>tumultuose</span> <span class='ocrx_word' id='word_1_133' title='bbox 1240 2131 1269 2178; x_wconf 88' lang='lat' dir='ltr'>ct</span> 
     </span>
     <span class='ocr_line' id='line_1_19' title="bbox 123 2214 1267 2284; baseline 0.001 -17"><span class='ocrx_word' id='word_1_134' title='bbox 123 2215 270 2269; x_wconf 81' lang='lat' dir='ltr'>saltuatim</span> <span class='ocrx_word' id='word_1_135' title='bbox 295 2214 507 2283; x_wconf 86' lang='lat' dir='ltr'>percurrissem,</span> <span class='ocrx_word' id='word_1_136' title='bbox 534 2214 621 2269; x_wconf 90' lang='lat' dir='ltr'>incidi</span> <span class='ocrx_word' id='word_1_137' title='bbox 647 2216 760 2269; x_wconf 89' lang='lat' dir='ltr'>tandem</span> <span class='ocrx_word' id='word_1_138' title='bbox 786 2217 815 2269; x_wconf 91' lang='lat' dir='ltr'>iu</span> <span class='ocrx_word' id='word_1_139' title='bbox 840 2216 963 2271; x_wconf 90' lang='lat' dir='ltr'>eiusdem</span> <span class='ocrx_word' id='word_1_140' title='bbox 991 2216 1113 2271; x_wconf 89' lang='lat' dir='ltr'>auctoris</span> <span class='ocrx_word' id='word_1_141' title='bbox 1139 2216 1267 2284; x_wconf 84' lang='lat' dir='ltr'>dialogos</span> 
     </span>
     <span class='ocr_line' id='line_1_20' title="bbox 122 2303 1269 2373; baseline -0.002 -14"><span class='ocrx_word' id='word_1_142' title='bbox 122 2307 203 2359; x_wconf 83' lang='lat' dir='ltr'>tanto</span> <span class='ocrx_word' id='word_1_143' title='bbox 228 2303 341 2357; x_wconf 89' lang='lat' dir='ltr'>dicendi</span> <span class='ocrx_word' id='word_1_144' title='bbox 359 2303 469 2371; x_wconf 83' lang='lat' dir='ltr'>lepore,</span> <span class='ocrx_word' id='word_1_145' title='bbox 492 2304 572 2357; x_wconf 87' lang='lat' dir='ltr'>tanto</span> <span class='ocrx_word' id='word_1_146' title='bbox 592 2304 683 2370; x_wconf 88' lang='lat' dir='ltr'>cultu,</span> <span class='ocrx_word' id='word_1_147' title='bbox 707 2305 788 2357; x_wconf 89' lang='lat' dir='ltr'>tanta</span> <span class='ocrx_word' id='word_1_148' title='bbox 811 2303 929 2372; x_wconf 90' lang='lat' dir='ltr'>denique</span> <span class='ocrx_word' id='word_1_149' title='bbox 954 2305 1101 2359; x_wconf 83' lang='lat' dir='ltr'>verborum</span> <span class='ocrx_word' id='word_1_150' title='bbox 1126 2304 1269 2373; x_wconf 81' lang='lat' dir='ltr'>elegantia</span> 
     </span>
     <span class='ocr_line' id='line_1_21' title="bbox 123 2391 1268 2460; baseline -0.002 -12"><span class='ocrx_word' id='word_1_151' title='bbox 123 2394 313 2460; x_wconf 88' lang='lat' dir='ltr'>concinnatos,</span> <span class='ocrx_word' id='word_1_152' title='bbox 333 2394 365 2445; x_wconf 92' lang='lat' dir='ltr'>ut</span> <span class='ocrx_word' id='word_1_153' title='bbox 383 2392 476 2446; x_wconf 87' lang='lat' dir='ltr'>dicere</span> <span class='ocrx_word' id='word_1_154' title='bbox 494 2391 584 2446; x_wconf 88' lang='lat' dir='ltr'>ausim</span> <span class='ocrx_word' id='word_1_155' title='bbox 604 2391 716 2445; x_wconf 91' lang='lat' dir='ltr'>illorum</span> <span class='ocrx_word' id='word_1_156' title='bbox 737 2391 910 2459; x_wconf 83' lang='lat' dir='ltr'>frequentem</span> <span class='ocrx_word' id='word_1_157' title='bbox 929 2411 962 2446; x_wconf 86' lang='lat' dir='ltr'>ac</span> <span class='ocrx_word' id='word_1_158' title='bbox 978 2394 1102 2447; x_wconf 87' lang='lat' dir='ltr'>sedulam</span> <span class='ocrx_word' id='word_1_159' title='bbox 1118 2393 1268 2446; x_wconf 88' lang='lat' dir='ltr'>lectionem</span> 
     </span>
     <span class='ocr_line' id='line_1_22' title="bbox 124 2481 1268 2551; baseline -0.001 -17"><span class='ocrx_word' id='word_1_160' title='bbox 124 2485 152 2534; x_wconf 99' lang='grc' dir='ltr'><strong>εὴ</strong></span> <span class='ocrx_word' id='word_1_161' title='bbox 175 2482 211 2535; x_wconf 88' lang='lat' dir='ltr'>ad</span> <span class='ocrx_word' id='word_1_162' title='bbox 235 2481 362 2551; x_wconf 89' lang='lat' dir='ltr'>linguam</span> <span class='ocrx_word' id='word_1_163' title='bbox 384 2481 524 2535; x_wconf 88' lang='lat' dir='ltr'>lacialiter</span> <span class='ocrx_word' id='word_1_164' title='bbox 547 2481 728 2535; x_wconf 83' lang='lat' dir='ltr'>excolendam</span> <span class='ocrx_word' id='word_1_165' title='bbox 754 2483 783 2535; x_wconf 91' lang='lat' dir='ltr'>et</span> <span class='ocrx_word' id='word_1_166' title='bbox 806 2481 947 2534; x_wconf 85' lang='lat' dir='ltr'>advitam</span> <span class='ocrx_word' id='word_1_167' title='bbox 971 2485 1094 2536; x_wconf 88' lang='lat' dir='ltr'>nostram</span> <span class='ocrx_word' id='word_1_168' title='bbox 1120 2481 1268 2536; x_wconf 90' lang='lat' dir='ltr'>salubriter</span> 
     </span>
     <span class='ocr_line' id='line_1_23' title="bbox 121 2569 1268 2639; baseline -0.002 -15"><span class='ocrx_word' id='word_1_169' title='bbox 121 2571 325 2624; x_wconf 85' lang='lat' dir='ltr'>instituendam</span> <span class='ocrx_word' id='word_1_170' title='bbox 344 2570 402 2624; x_wconf 89' lang='lat' dir='ltr'>lore</span> <span class='ocrx_word' id='word_1_171' title='bbox 429 2570 528 2639; x_wconf 88' lang='lat' dir='ltr'>procul</span> <span class='ocrx_word' id='word_1_172' title='bbox 552 2570 636 2625; x_wconf 91' lang='lat' dir='ltr'>dubio</span> <span class='ocrx_word' id='word_1_173' title='bbox 661 2569 986 2625; x_wconf 87' lang='lat' dir='ltr'>accommodatissimam.</span> <span class='ocrx_word' id='word_1_174' title='bbox 1026 2571 1084 2624; x_wconf 91' lang='lat' dir='ltr'>Hos</span> <span class='ocrx_word' id='word_1_175' title='bbox 1112 2570 1268 2624; x_wconf 88' lang='lat' dir='ltr'>accuratius</span> 
     </span>
     <span class='ocr_line' id='line_1_24' title="bbox 123 2658 1268 2729; baseline 0 -17"><span class='ocrx_word' id='word_1_176' title='bbox 123 2659 189 2712; x_wconf 91' lang='lat' dir='ltr'>dum</span> <span class='ocrx_word' id='word_1_177' title='bbox 212 2660 315 2713; x_wconf 90' lang='lat' dir='ltr'>iterum</span> <span class='ocrx_word' id='word_1_178' title='bbox 338 2661 423 2729; x_wconf 88' lang='lat' dir='ltr'>atque</span> <span class='ocrx_word' id='word_1_179' title='bbox 446 2660 548 2713; x_wconf 88' lang='lat' dir='ltr'>iterum</span> <span class='ocrx_word' id='word_1_180' title='bbox 572 2658 758 2728; x_wconf 82' lang='lat' dir='ltr'>perlegerem,</span> <span class='ocrx_word' id='word_1_181' title='bbox 788 2676 831 2711; x_wconf 90' lang='lat' dir='ltr'>res</span> <span class='ocrx_word' id='word_1_182' title='bbox 855 2675 920 2713; x_wconf 89' lang='lat' dir='ltr'>sane</span> <span class='ocrx_word' id='word_1_183' title='bbox 946 2659 1032 2728; x_wconf 86' lang='lat' dir='ltr'>digna</span> <span class='ocrx_word' id='word_1_184' title='bbox 1054 2659 1114 2712; x_wconf 83' lang='lat' dir='ltr'>visa</span> <span class='ocrx_word' id='word_1_185' title='bbox 1137 2662 1179 2712; x_wconf 92' lang='lat' dir='ltr'>est</span> <span class='ocrx_word' id='word_1_186' title='bbox 1196 2675 1268 2726; x_wconf 90' lang='lat' dir='ltr'>quae</span> 
     </span>
     <span class='ocr_line' id='line_1_25' title="bbox 123 2746 1269 2816; baseline -0.001 -14"><span class='ocrx_word' id='word_1_187' title='bbox 123 2748 212 2802; x_wconf 91' lang='lat' dir='ltr'>oculis</span> <span class='ocrx_word' id='word_1_188' title='bbox 232 2747 383 2802; x_wconf 90' lang='lat' dir='ltr'>multorum</span> <span class='ocrx_word' id='word_1_189' title='bbox 403 2749 600 2815; x_wconf 89' lang='lat' dir='ltr'>subiiceretur,</span> <span class='ocrx_word' id='word_1_190' title='bbox 619 2765 653 2802; x_wconf 93' lang='lat' dir='ltr'>ne</span> <span class='ocrx_word' id='word_1_191' title='bbox 672 2747 701 2801; x_wconf 93' lang='lat' dir='ltr'>iu</span> <span class='ocrx_word' id='word_1_192' title='bbox 720 2748 774 2800; x_wconf 90' lang='lat' dir='ltr'>hac</span> <span class='ocrx_word' id='word_1_193' title='bbox 795 2747 922 2815; x_wconf 87' lang='lat' dir='ltr'>Lipsensi</span> <span class='ocrx_word' id='word_1_194' title='bbox 941 2746 1079 2801; x_wconf 86' lang='lat' dir='ltr'>litteraria</span> <span class='ocrx_word' id='word_1_195' title='bbox 1097 2748 1221 2816; x_wconf 87' lang='lat' dir='ltr'>palestra</span> <span class='ocrx_word' id='word_1_196' title='bbox 1239 2749 1269 2802; x_wconf 89' lang='lat' dir='ltr'>et</span> 
     </span>
     <span class='ocr_line' id='line_1_26' title="bbox 124 2836 1267 2906; baseline 0 -16"><span class='ocrx_word' id='word_1_197' title='bbox 124 2837 299 2906; x_wconf 87' lang='lat' dir='ltr'>amplissima</span> <span class='ocrx_word' id='word_1_198' title='bbox 318 2839 347 2891; x_wconf 87' lang='lat' dir='ltr'>et</span> <span class='ocrx_word' id='word_1_199' title='bbox 365 2837 572 2902; x_wconf 84' lang='lat' dir='ltr'>florentissima,</span> <span class='ocrx_word' id='word_1_200' title='bbox 596 2837 624 2889; x_wconf 88' lang='lat' dir='ltr'>in</span> <span class='ocrx_word' id='word_1_201' title='bbox 644 2853 699 2904; x_wconf 91' lang='lat' dir='ltr'>qua</span> <span class='ocrx_word' id='word_1_202' title='bbox 718 2854 783 2904; x_wconf 89' lang='lat' dir='ltr'>qum</span> <span class='ocrx_word' id='word_1_203' title='bbox 803 2836 922 2891; x_wconf 89' lang='lat' dir='ltr'>aliarum</span> <span class='ocrx_word' id='word_1_204' title='bbox 941 2838 1046 2890; x_wconf 89' lang='lat' dir='ltr'>arcium</span> <span class='ocrx_word' id='word_1_205' title='bbox 1066 2837 1123 2891; x_wconf 86' lang='lat' dir='ltr'>lere</span> <span class='ocrx_word' id='word_1_206' title='bbox 1139 2838 1267 2892; x_wconf 87' lang='lat' dir='ltr'>omnium</span> 
     </span>
     <span class='ocr_line' id='line_1_27' title="bbox 123 2925 1350 3001; baseline 0.001 -22"><span class='ocrx_word' id='word_1_207' title='bbox 123 2930 182 2979; x_wconf 88' lang='lat' dir='ltr'>tum</span> <span class='ocrx_word' id='word_1_208' title='bbox 201 2927 378 2995; x_wconf 82' lang='lat' dir='ltr'>potissimum</span> <span class='ocrx_word' id='word_1_209' title='bbox 397 2926 535 3001; x_wconf 63' lang='lat' dir='ltr'>politiogis</span> <span class='ocrx_word' id='word_1_210' title='bbox 555 2925 730 2979; x_wconf 86' lang='lat' dir='ltr'>litteraturae</span> <span class='ocrx_word' id='word_1_211' title='bbox 745 2942 887 2993; x_wconf 87' lang='lat' dir='ltr'>nunquam</span> <span class='ocrx_word' id='word_1_212' title='bbox 902 2925 969 2979; x_wconf 88' lang='lat' dir='ltr'>satis</span> <span class='ocrx_word' id='word_1_213' title='bbox 982 2925 1129 2980; x_wconf 88' lang='lat' dir='ltr'>laudatum</span> <span class='ocrx_word' id='word_1_214' title='bbox 1143 2926 1267 2980; x_wconf 90' lang='lat' dir='ltr'>studium</span> <span class='ocrx_word' id='word_1_215' title='bbox 1280 2926 1350 2982; x_wconf 72' lang='lat' dir='ltr'>solar</span> 
     </span>
     <span class='ocr_line' id='line_1_28' title="bbox 124 3014 1267 3085; baseline 0.001 -16"><span class='ocrx_word' id='word_1_216' title='bbox 124 3015 164 3069; x_wconf 85' lang='lat' dir='ltr'>ita</span> <span class='ocrx_word' id='word_1_217' title='bbox 186 3014 279 3083; x_wconf 81' lang='lat' dir='ltr'>viget,</span> <span class='ocrx_word' id='word_1_218' title='bbox 307 3014 410 3083; x_wconf 89' lang='lat' dir='ltr'>colitur</span> <span class='ocrx_word' id='word_1_219' title='bbox 432 3016 606 3084; x_wconf 85' lang='lat' dir='ltr'>augeturque</span> <span class='ocrx_word' id='word_1_220' title='bbox 630 3015 658 3067; x_wconf 91' lang='lat' dir='ltr'>in</span> <span class='ocrx_word' id='word_1_221' title='bbox 682 3014 740 3068; x_wconf 88' lang='lat' dir='ltr'>dies</span> <span class='ocrx_word' id='word_1_222' title='bbox 764 3015 868 3084; x_wconf 84' lang='lat' dir='ltr'>magis,</span> <span class='ocrx_word' id='word_1_223' title='bbox 896 3014 938 3068; x_wconf 87' lang='lat' dir='ltr'>ita</span> <span class='ocrx_word' id='word_1_224' title='bbox 956 3015 1079 3084; x_wconf 90' lang='lat' dir='ltr'>optimus</span> <span class='ocrx_word' id='word_1_225' title='bbox 1098 3016 1215 3085; x_wconf 90' lang='lat' dir='ltr'>quisquc</span> <span class='ocrx_word' id='word_1_226' title='bbox 1234 3033 1267 3070; x_wconf 89' lang='lat' dir='ltr'>ex</span> 
     </span>
     <span class='ocr_line' id='line_1_29' title="bbox 126 3102 1270 3171; baseline 0.001 -14"><span class='ocrx_word' id='word_1_227' title='bbox 126 3106 223 3157; x_wconf 85' lang='lat' dir='ltr'>vatum</span> <span class='ocrx_word' id='word_1_228' title='bbox 243 3104 440 3171; x_wconf 88' lang='lat' dir='ltr'>oratorumque</span> <span class='ocrx_word' id='word_1_229' title='bbox 463 3119 578 3157; x_wconf 91' lang='lat' dir='ltr'>numero</span> <span class='ocrx_word' id='word_1_230' title='bbox 598 3119 631 3156; x_wconf 90' lang='lat' dir='ltr'>ea</span> <span class='ocrx_word' id='word_1_231' title='bbox 649 3102 895 3171; x_wconf 85' lang='lat' dir='ltr'>interpretatione,</span> <span class='ocrx_word' id='word_1_232' title='bbox 922 3121 993 3171; x_wconf 87' lang='lat' dir='ltr'>quae</span> <span class='ocrx_word' id='word_1_233' title='bbox 1013 3105 1221 3160; x_wconf 88' lang='lat' dir='ltr'>accuratissima</span> <span class='ocrx_word' id='word_1_234' title='bbox 1239 3107 1270 3159; x_wconf 91' lang='lat' dir='ltr'>et</span> 
     </span>
     <span class='ocr_line' id='line_1_30' title="bbox 124 3190 1269 3262; baseline 0.003 -17"><span class='ocrx_word' id='word_1_235' title='bbox 124 3190 342 3262; x_wconf 86' lang='lat' dir='ltr'>diligentissima</span> <span class='ocrx_word' id='word_1_236' title='bbox 370 3208 430 3246; x_wconf 85' lang='lat' dir='ltr'>esse</span> <span class='ocrx_word' id='word_1_237' title='bbox 457 3194 568 3261; x_wconf 86' lang='lat' dir='ltr'>potest,</span> <span class='ocrx_word' id='word_1_238' title='bbox 597 3190 808 3245; x_wconf 83' lang='lat' dir='ltr'>studiosissimis</span> <span class='ocrx_word' id='word_1_239' title='bbox 835 3193 864 3246; x_wconf 87' lang='lat' dir='ltr'>et</span> <span class='ocrx_word' id='word_1_240' title='bbox 891 3193 962 3247; x_wconf 90' lang='lat' dir='ltr'>bene</span> <span class='ocrx_word' id='word_1_241' title='bbox 990 3194 1064 3247; x_wconf 87' lang='lat' dir='ltr'>natis</span> <span class='ocrx_word' id='word_1_242' title='bbox 1093 3195 1269 3249; x_wconf 83' lang='lat' dir='ltr'>scholasticis</span> 
     </span>
     <span class='ocr_line' id='line_1_31' title="bbox 124 3280 1268 3349; baseline 0.001 -14"><span class='ocrx_word' id='word_1_243' title='bbox 124 3282 280 3349; x_wconf 84' lang='lat' dir='ltr'>enarratur,</span> <span class='ocrx_word' id='word_1_244' title='bbox 299 3280 374 3335; x_wconf 89' lang='lat' dir='ltr'>solus</span> <span class='ocrx_word' id='word_1_245' title='bbox 389 3281 527 3335; x_wconf 76' lang='lat' dir='ltr'>Lucienus</span> <span class='ocrx_word' id='word_1_246' title='bbox 545 3281 624 3333; x_wconf 88' lang='lat' dir='ltr'>nulla</span> <span class='ocrx_word' id='word_1_247' title='bbox 639 3296 689 3333; x_wconf 87' lang='lat' dir='ltr'>sua</span> <span class='ocrx_word' id='word_1_248' title='bbox 708 3280 791 3349; x_wconf 89' lang='lat' dir='ltr'>culpa</span> <span class='ocrx_word' id='word_1_249' title='bbox 809 3296 838 3333; x_wconf 88' lang='lat' dir='ltr'>se</span> <span class='ocrx_word' id='word_1_250' title='bbox 857 3280 937 3348; x_wconf 88' lang='lat' dir='ltr'>quasi</span> <span class='ocrx_word' id='word_1_251' title='bbox 957 3282 1096 3337; x_wconf 90' lang='lat' dir='ltr'>desertum</span> <span class='ocrx_word' id='word_1_252' title='bbox 1116 3287 1145 3338; x_wconf 90' lang='lat' dir='ltr'>et</span> <span class='ocrx_word' id='word_1_253' title='bbox 1163 3284 1192 3337; x_wconf 90' lang='lat' dir='ltr'>iu</span> <span class='ocrx_word' id='word_1_254' title='bbox 1210 3299 1268 3336; x_wconf 90' lang='lat' dir='ltr'>me·</span> 
     </span>
     <span class='ocr_line' id='line_1_32' title="bbox 125 3368 1268 3425; baseline 0.001 -1"><span class='ocrx_word' id='word_1_255' title='bbox 125 3371 171 3424; x_wconf 92' lang='lat' dir='ltr'>dio</span> <span class='ocrx_word' id='word_1_256' title='bbox 189 3369 321 3424; x_wconf 86' lang='lat' dir='ltr'>relictum</span> <span class='ocrx_word' id='word_1_257' title='bbox 340 3386 399 3423; x_wconf 89' lang='lat' dir='ltr'>esse</span> <span class='ocrx_word' id='word_1_258' title='bbox 418 3370 455 3424; x_wconf 90' lang='lat' dir='ltr'>ab</span> <span class='ocrx_word' id='word_1_259' title='bbox 474 3369 602 3423; x_wconf 87' lang='lat' dir='ltr'>omnibus</span> <span class='ocrx_word' id='word_1_260' title='bbox 617 3369 717 3421; x_wconf 89' lang='lat' dir='ltr'>harum</span> <span class='ocrx_word' id='word_1_261' title='bbox 731 3368 835 3421; x_wconf 89' lang='lat' dir='ltr'>arcium</span> <span class='ocrx_word' id='word_1_262' title='bbox 851 3369 1019 3424; x_wconf 89' lang='lat' dir='ltr'>doctissimis</span> <span class='ocrx_word' id='word_1_263' title='bbox 1034 3373 1064 3425; x_wconf 93' lang='lat' dir='ltr'>et</span> <span class='ocrx_word' id='word_1_264' title='bbox 1077 3371 1268 3425; x_wconf 87' lang='lat' dir='ltr'>disertissimis</span> 
     </span>
     <span class='ocr_line' id='line_1_33' title="bbox 124 3456 1270 3529; baseline -0.001 -16"><span class='ocrx_word' id='word_1_265' title='bbox 124 3458 329 3529; x_wconf 76' lang='lat' dir='ltr'>professoribus</span> <span class='ocrx_word' id='word_1_266' title='bbox 353 3457 485 3525; x_wconf 90' lang='lat' dir='ltr'>conqueri</span> <span class='ocrx_word' id='word_1_267' title='bbox 508 3459 568 3511; x_wconf 91' lang='lat' dir='ltr'>iure</span> <span class='ocrx_word' id='word_1_268' title='bbox 592 3457 690 3525; x_wconf 89' lang='lat' dir='ltr'>possit.</span> <span class='ocrx_word' id='word_1_269' title='bbox 728 3457 830 3514; x_wconf 89' lang='lat' dir='ltr'>Motus.</span> <span class='ocrx_word' id='word_1_270' title='bbox 843 3456 937 3526; x_wconf 89' lang='lat' dir='ltr'>itaque</span> <span class='ocrx_word' id='word_1_271' title='bbox 961 3460 1008 3512; x_wconf 88' lang='lat' dir='ltr'>vel</span> <span class='ocrx_word' id='word_1_272' title='bbox 1031 3461 1084 3514; x_wconf 90' lang='lat' dir='ltr'>hac</span> <span class='ocrx_word' id='word_1_273' title='bbox 1107 3461 1167 3515; x_wconf 89' lang='lat' dir='ltr'>sola</span> <span class='ocrx_word' id='word_1_274' title='bbox 1185 3476 1270 3514; x_wconf 88' lang='lat' dir='ltr'>causa</span> 
     </span>
     <span class='ocr_line' id='line_1_34' title="bbox 125 3544 1268 3602; baseline 0 -2"><span class='ocrx_word' id='word_1_275' title='bbox 125 3565 187 3602; x_wconf 88' lang='lat' dir='ltr'>meo</span> <span class='ocrx_word' id='word_1_276' title='bbox 210 3547 314 3601; x_wconf 90' lang='lat' dir='ltr'>iudicio</span> <span class='ocrx_word' id='word_1_277' title='bbox 337 3546 409 3601; x_wconf 90' lang='lat' dir='ltr'>sicut</span> <span class='ocrx_word' id='word_1_278' title='bbox 432 3545 629 3601; x_wconf 86' lang='lat' dir='ltr'>honestissima</span> <span class='ocrx_word' id='word_1_279' title='bbox 651 3545 693 3599; x_wconf 91' lang='lat' dir='ltr'>ita</span> <span class='ocrx_word' id='word_1_280' title='bbox 717 3544 833 3600; x_wconf 84' lang='lat' dir='ltr'>fortasse</span> <span class='ocrx_word' id='word_1_281' title='bbox 857 3564 912 3600; x_wconf 89' lang='lat' dir='ltr'>nou</span> <span class='ocrx_word' id='word_1_282' title='bbox 930 3548 1001 3601; x_wconf 90' lang='lat' dir='ltr'>nihil</span> <span class='ocrx_word' id='word_1_283' title='bbox 1020 3548 1126 3602; x_wconf 86' lang='lat' dir='ltr'>fructus</span> <span class='ocrx_word' id='word_1_284' title='bbox 1146 3551 1175 3602; x_wconf 89' lang='lat' dir='ltr'>et</span> <span class='ocrx_word' id='word_1_285' title='bbox 1194 3549 1268 3601; x_wconf 89' lang='lat' dir='ltr'>utili-</span> 
     </span>
     <span class='ocr_line' id='line_1_35' title="bbox 125 3634 1268 3703; baseline 0.001 -13"><span class='ocrx_word' id='word_1_286' title='bbox 125 3637 192 3690; x_wconf 87' lang='lat' dir='ltr'>tatis</span> <span class='ocrx_word' id='word_1_287' title='bbox 216 3636 338 3689; x_wconf 86' lang='lat' dir='ltr'>allatura</span> <span class='ocrx_word' id='word_1_288' title='bbox 362 3634 498 3703; x_wconf 87' lang='lat' dir='ltr'>quosdam</span> <span class='ocrx_word' id='word_1_289' title='bbox 521 3634 633 3688; x_wconf 89' lang='lat' dir='ltr'>libellos</span> <span class='ocrx_word' id='word_1_290' title='bbox 658 3635 817 3690; x_wconf 89' lang='lat' dir='ltr'>aLuciano</span> <span class='ocrx_word' id='word_1_291' title='bbox 836 3635 1003 3690; x_wconf 89' lang='lat' dir='ltr'>nitidissimo</span> <span class='ocrx_word' id='word_1_292' title='bbox 1023 3641 1135 3691; x_wconf 88' lang='lat' dir='ltr'>auctore</span> <span class='ocrx_word' id='word_1_293' title='bbox 1155 3638 1191 3692; x_wconf 89' lang='lat' dir='ltr'>ad</span> <span class='ocrx_word' id='word_1_294' title='bbox 1211 3654 1268 3691; x_wconf 93' lang='lat' dir='ltr'>mo-</span> 
     </span>
     <span class='ocr_line' id='line_1_36' title="bbox 117 3724 1268 3796; baseline 0.003 -20"><span class='ocrx_word' id='word_1_295' title='bbox 117 3724 192 3777; x_wconf 87' lang='lat' dir='ltr'>dum</span> <span class='ocrx_word' id='word_1_296' title='bbox 215 3724 391 3792; x_wconf 87' lang='lat' dir='ltr'>dialogorum</span> <span class='ocrx_word' id='word_1_297' title='bbox 410 3726 539 3778; x_wconf 82' lang='lat' dir='ltr'>exaratos</span> <span class='ocrx_word' id='word_1_298' title='bbox 557 3739 590 3777; x_wconf 87' lang='lat' dir='ltr'>ac</span> <span class='ocrx_word' id='word_1_299' title='bbox 608 3726 707 3777; x_wconf 89' lang='lat' dir='ltr'>nostra</span> <span class='ocrx_word' id='word_1_300' title='bbox 725 3726 757 3777; x_wconf 90' lang='lat' dir='ltr'>ut</span> <span class='ocrx_word' id='word_1_301' title='bbox 775 3741 857 3793; x_wconf 89' lang='lat' dir='ltr'>spero</span> <span class='ocrx_word' id='word_1_302' title='bbox 877 3741 963 3794; x_wconf 89' lang='lat' dir='ltr'>opera</span> <span class='ocrx_word' id='word_1_303' title='bbox 982 3725 1089 3779; x_wconf 87' lang='lat' dir='ltr'>curiose</span> <span class='ocrx_word' id='word_1_304' title='bbox 1108 3726 1268 3796; x_wconf 87' lang='lat' dir='ltr'>diligenter·</span> 
     </span>
     <span class='ocr_line' id='line_1_37' title="bbox 127 3810 1266 3883; baseline 0.002 -19"><span class='ocrx_word' id='word_1_305' title='bbox 127 3829 180 3880; x_wconf 90' lang='lat' dir='ltr'>que</span> <span class='ocrx_word' id='word_1_306' title='bbox 199 3810 354 3881; x_wconf 80' lang='lat' dir='ltr'>castigatus</span> <span class='ocrx_word' id='word_1_307' title='bbox 373 3811 448 3880; x_wconf 82' lang='lat' dir='ltr'>typis</span> <span class='ocrx_word' id='word_1_308' title='bbox 469 3812 676 3866; x_wconf 87' lang='lat' dir='ltr'>venustioribus</span> <span class='ocrx_word' id='word_1_309' title='bbox 695 3813 815 3882; x_wconf 84' lang='lat' dir='ltr'>effigiari</span> <span class='ocrx_word' id='word_1_310' title='bbox 834 3815 863 3867; x_wconf 85' lang='lat' dir='ltr'>et</span> <span class='ocrx_word' id='word_1_311' title='bbox 881 3813 909 3866; x_wconf 88' lang='lat' dir='ltr'>in</span> <span class='ocrx_word' id='word_1_312' title='bbox 923 3813 1066 3882; x_wconf 88' lang='lat' dir='ltr'>publicum</span> <span class='ocrx_word' id='word_1_313' title='bbox 1081 3814 1193 3883; x_wconf 87' lang='lat' dir='ltr'>prodire</span> <span class='ocrx_word' id='word_1_314' title='bbox 1207 3828 1266 3882; x_wconf 88' lang='lat' dir='ltr'>per·</span> 
     </span>
     <span class='ocr_line' id='line_1_38' title="bbox 126 3899 1269 3971; baseline 0.003 -18"><span class='ocrx_word' id='word_1_315' title='bbox 126 3900 189 3953; x_wconf 87' lang='lat' dir='ltr'>misi</span> <span class='ocrx_word' id='word_1_316' title='bbox 216 3900 326 3968; x_wconf 88' lang='lat' dir='ltr'>tibique</span> <span class='ocrx_word' id='word_1_317' title='bbox 354 3917 387 3953; x_wconf 87' lang='lat' dir='ltr'>ac</span> <span class='ocrx_word' id='word_1_318' title='bbox 414 3899 544 3954; x_wconf 89' lang='lat' dir='ltr'>omnibus</span> <span class='ocrx_word' id='word_1_319' title='bbox 573 3901 682 3971; x_wconf 87' lang='lat' dir='ltr'>cupidis</span> <span class='ocrx_word' id='word_1_320' title='bbox 711 3902 835 3955; x_wconf 91' lang='lat' dir='ltr'>eiusdem</span> <span class='ocrx_word' id='word_1_321' title='bbox 859 3901 945 3955; x_wconf 87' lang='lat' dir='ltr'>studii</span> <span class='ocrx_word' id='word_1_322' title='bbox 970 3901 1115 3956; x_wconf 83' lang='lat' dir='ltr'>iuvenibus</span> <span class='ocrx_word' id='word_1_323' title='bbox 1138 3902 1269 3958; x_wconf 86' lang='lat' dir='ltr'>brevibus</span> 
     </span>
     <span class='ocr_line' id='line_1_39' title="bbox 126 3988 1270 4058; baseline 0.003 -16"><span class='ocrx_word' id='word_1_324' title='bbox 126 3988 294 4056; x_wconf 88' lang='lat' dir='ltr'>quibusdam</span> <span class='ocrx_word' id='word_1_325' title='bbox 314 3989 551 4044; x_wconf 89' lang='lat' dir='ltr'>commentariolis</span> <span class='ocrx_word' id='word_1_326' title='bbox 574 3990 745 4044; x_wconf 89' lang='lat' dir='ltr'>lucidissime</span> <span class='ocrx_word' id='word_1_327' title='bbox 765 3990 905 4044; x_wconf 90' lang='lat' dir='ltr'>illustrare</span> <span class='ocrx_word' id='word_1_328' title='bbox 925 3993 954 4044; x_wconf 89' lang='lat' dir='ltr'>et</span> <span class='ocrx_word' id='word_1_329' title='bbox 971 3990 1132 4058; x_wconf 88' lang='lat' dir='ltr'>planissime</span> <span class='ocrx_word' id='word_1_330' title='bbox 1151 3993 1183 4044; x_wconf 88' lang='lat' dir='ltr'>ut</span> <span class='ocrx_word' id='word_1_331' title='bbox 1200 3992 1270 4046; x_wconf 92' lang='lat' dir='ltr'>mihi</span> 
     </span>
     <span class='ocr_line' id='line_1_40' title="bbox 126 4077 687 4148; baseline 0 -18"><span class='ocrx_word' id='word_1_332' title='bbox 126 4077 217 4132; x_wconf 82' lang='lat' dir='ltr'>facere</span> <span class='ocrx_word' id='word_1_333' title='bbox 236 4078 332 4132; x_wconf 87' lang='lat' dir='ltr'>videor</span> <span class='ocrx_word' id='word_1_334' title='bbox 350 4078 528 4148; x_wconf 81' lang='lat' dir='ltr'>interpretari</span> <span class='ocrx_word' id='word_1_335' title='bbox 547 4078 687 4133; x_wconf 87' lang='lat' dir='ltr'>constitui.</span> 
     </span>
    </p>

    <p class='ocr_par' dir='ltr' id='par_1_8' title="bbox 127 4165 1270 4507">
     <span class='ocr_line' id='line_1_41' title="bbox 197 4165 1269 4236; baseline 0.003 -16"><span class='ocrx_word' id='word_1_336' title='bbox 197 4167 248 4220; x_wconf 84' lang='lat' dir='ltr'>Cui</span> <span class='ocrx_word' id='word_1_337' title='bbox 268 4170 362 4220; x_wconf 88' lang='lat' dir='ltr'>autem</span> <span class='ocrx_word' id='word_1_338' title='bbox 381 4166 434 4220; x_wconf 91' lang='lat' dir='ltr'>hos</span> <span class='ocrx_word' id='word_1_339' title='bbox 453 4184 536 4234; x_wconf 90' lang='lat' dir='ltr'>quam</span> <span class='ocrx_word' id='word_1_340' title='bbox 556 4168 607 4222; x_wconf 89' lang='lat' dir='ltr'>tibi</span> <span class='ocrx_word' id='word_1_341' title='bbox 627 4168 724 4236; x_wconf 92' lang='lat' dir='ltr'>pocius</span> <span class='ocrx_word' id='word_1_342' title='bbox 743 4167 925 4235; x_wconf 86' lang='lat' dir='ltr'>nuncupatim</span> <span class='ocrx_word' id='word_1_343' title='bbox 944 4165 1101 4222; x_wconf 88' lang='lat' dir='ltr'>dedicarem</span> <span class='ocrx_word' id='word_1_344' title='bbox 1117 4186 1172 4223; x_wconf 92' lang='lat' dir='ltr'>non</span> <span class='ocrx_word' id='word_1_345' title='bbox 1186 4169 1269 4223; x_wconf 86' lang='lat' dir='ltr'>facile</span> 
     </span>
     <span class='ocr_line' id='line_1_42' title="bbox 127 4253 1270 4326; baseline 0.003 -17"><span class='ocrx_word' id='word_1_346' title='bbox 127 4256 258 4310; x_wconf 81' lang='lat' dir='ltr'>veniebat</span> <span class='ocrx_word' id='word_1_347' title='bbox 267 4254 338 4308; x_wconf 90' lang='lat' dir='ltr'>mihi</span> <span class='ocrx_word' id='word_1_348' title='bbox 348 4253 378 4309; x_wconf 92' lang='lat' dir='ltr'>in</span> <span class='ocrx_word' id='word_1_349' title='bbox 386 4258 518 4323; x_wconf 89' lang='lat' dir='ltr'>mentem,</span> <span class='ocrx_word' id='word_1_350' title='bbox 528 4256 592 4310; x_wconf 90' lang='lat' dir='ltr'>Tibi</span> <span class='ocrx_word' id='word_1_351' title='bbox 604 4256 727 4325; x_wconf 89' lang='lat' dir='ltr'>inquam,</span> <span class='ocrx_word' id='word_1_352' title='bbox 739 4255 778 4309; x_wconf 92' lang='lat' dir='ltr'>mi</span> <span class='ocrx_word' id='word_1_353' title='bbox 788 4255 944 4309; x_wconf 83' lang='lat' dir='ltr'>Alexander</span> <span class='ocrx_word' id='word_1_354' title='bbox 954 4256 1126 4324; x_wconf 87' lang='lat' dir='ltr'>suavissime,</span> <span class='ocrx_word' id='word_1_355' title='bbox 1134 4258 1181 4326; x_wconf 91' lang='lat' dir='ltr'>qui</span> <span class='ocrx_word' id='word_1_356' title='bbox 1194 4258 1270 4312; x_wconf 86' lang='lat' dir='ltr'>culta</span> 
     </span>
     <span class='ocr_line' id='line_1_43' title="bbox 128 4343 1268 4414; baseline 0.002 -16"><span class='ocrx_word' id='word_1_357' title='bbox 128 4345 343 4399; x_wconf 86' lang='lat' dir='ltr'>cultissimomm</span> <span class='ocrx_word' id='word_1_358' title='bbox 362 4348 509 4414; x_wconf 90' lang='lat' dir='ltr'>poetarum</span> <span class='ocrx_word' id='word_1_359' title='bbox 528 4362 560 4398; x_wconf 92' lang='lat' dir='ltr'>ac</span> <span class='ocrx_word' id='word_1_360' title='bbox 579 4347 719 4399; x_wconf 89' lang='lat' dir='ltr'>oratorum</span> <span class='ocrx_word' id='word_1_361' title='bbox 740 4343 834 4399; x_wconf 86' lang='lat' dir='ltr'>studia</span> <span class='ocrx_word' id='word_1_362' title='bbox 851 4345 892 4397; x_wconf 88' lang='lat' dir='ltr'>ita</span> <span class='ocrx_word' id='word_1_363' title='bbox 912 4344 1042 4398; x_wconf 89' lang='lat' dir='ltr'>sicienter</span> <span class='ocrx_word' id='word_1_364' title='bbox 1061 4348 1089 4400; x_wconf 91' lang='lat' dir='ltr'>et</span> <span class='ocrx_word' id='word_1_365' title='bbox 1103 4347 1186 4401; x_wconf 86' lang='lat' dir='ltr'>avide</span> <span class='ocrx_word' id='word_1_366' title='bbox 1200 4347 1268 4401; x_wconf 89' lang='lat' dir='ltr'>hau-</span> 
     </span>
     <span class='ocr_line' id='line_1_44' title="bbox 127 4432 1270 4507; baseline 0.001 -18"><span class='ocrx_word' id='word_1_367' title='bbox 127 4432 173 4504; x_wconf 82' lang='lat' dir='ltr'>ris,</span> <span class='ocrx_word' id='word_1_368' title='bbox 191 4435 298 4488; x_wconf 90' lang='lat' dir='ltr'>utnon</span> <span class='ocrx_word' id='word_1_369' title='bbox 316 4436 376 4489; x_wconf 85' lang='lat' dir='ltr'>tam</span> <span class='ocrx_word' id='word_1_370' title='bbox 395 4435 510 4489; x_wconf 90' lang='lat' dir='ltr'>stimulo</span> <span class='ocrx_word' id='word_1_371' title='bbox 529 4451 613 4503; x_wconf 86' lang='lat' dir='ltr'>quam</span> <span class='ocrx_word' id='word_1_372' title='bbox 632 4434 710 4490; x_wconf 81' lang='lat' dir='ltr'>freno</span> <span class='ocrx_word' id='word_1_373' title='bbox 729 4433 897 4504; x_wconf 89' lang='lat' dir='ltr'>quandoque</span> <span class='ocrx_word' id='word_1_374' title='bbox 916 4450 997 4503; x_wconf 89' lang='lat' dir='ltr'>egere</span> <span class='ocrx_word' id='word_1_375' title='bbox 1012 4435 1141 4490; x_wconf 84' lang='lat' dir='ltr'>videaris.</span> <span class='ocrx_word' id='word_1_376' title='bbox 1168 4436 1270 4507; x_wconf 78' lang='lat' dir='ltr'>Agitur</span> 
     </span>
    </p>
   </div>
   <div class='ocr_carea' id='block_1_7' title="bbox 0 0 1497 5032">
    <p class='ocr_par' dir='ltr' id='par_1_9' title="bbox 0 0 1497 5032">
     <span class='ocr_line' id='line_1_45' title="bbox 0 0 1497 5032; baseline 0 0"><span class='ocrx_word' id='word_1_377' title='bbox 0 0 1497 5032; x_wconf 95' lang='lat' dir='ltr'> </span> 
     </span>
    </p>
   </div>
  </div>
 </body>
</html>
