2962 5032
493 341 727 391 arrarnrscnn
751 341 879 390 aenan.
1190 323 1254 389 639

114 487 181 551 tius
205 487 424 572 excipiebatur
447 487 548 571 erepti
572 486 647 551 huic
672 486 854 550 litterarum
880 484 1085 548 universitati
1108 484 1256 568 fautoris,

113 594 257 678 patroni,
281 595 531 674 conservatoris,
555 591 663 657 Liberi
686 590 825 657 Baronis
851 590 983 656 Canem
1014 590 1053 654 dc
1078 589 1181 654 Sanan
1212 593 1253 657 ab

113 700 308 765 Altenstein.
354 699 414 766 Cui
442 702 469 765 si
499 721 563 765 non
591 701 666 783 plus
697 701 784 764 alma
806 700 962 764 Rhenana
990 720 1085 780 quam
1111 699 1254 782 reliquae

112 807 293 871 litterarum
324 806 415 870 sedes
439 807 564 891 patriae
588 805 733 888 deberet,
761 806 812 871 vel
836 806 883 870 sic
906 806 961 869 illa
985 809 1036 869 sat
1059 805 1253 889 locupletem

112 912 248 978 haberet
280 913 410 998 lugendi
442 935 599 978 caussam.
652 912 780 988 Quanto
812 913 914 996 igitur
944 912 1115 976 afflictione
1146 913 1254 976 animo

110 1042 170 1104 par
196 1019 260 1085 fuit
288 1041 359 1084 eam
387 1019 630 1084 universitatem
658 1041 743 1102 esse,
776 1041 857 1102 quae
887 1023 1000 1083 mutuo
1024 1019 1253 1084 beneficiorum

111 1130 145 1191 et
172 1126 306 1210 pietatis
335 1126 461 1189 vinculo
489 1129 558 1189 tam
588 1130 657 1189 arte
686 1147 758 1189 cum
786 1124 847 1189 Illo
876 1126 1117 1208 continebatur,
1150 1131 1185 1190 ut
1213 1147 1254 1189 ne

110 1232 310 1316 cogitatione
339 1230 469 1316 quidem
498 1231 607 1296 divelli
633 1232 798 1316 utriusque
821 1233 954 1296 nomina
976 1232 1126 1316 possint?
1172 1230 1254 1307 Qua·

111 1340 174 1403 lam
207 1339 293 1404 enim
326 1338 639 1404 Manchhausenium
677 1362 769 1403 auum
802 1340 888 1403 alma
921 1337 1062 1421 Georgia
1095 1335 1254 1421 Augusta,

111 1446 212 1510 talem
244 1444 422 1510 Fridericia
456 1443 630 1510 Guilelmia
663 1443 820 1509 Rhenana
852 1445 920 1509 iure
953 1444 1133 1529 meritoque
1167 1446 1254 1528 colit,

109 1556 291 1634 veneratur,
309 1551 489 1617 admiratur
503 1550 767 1634 Altensteinium,
780 1549 896 1615 Virum
915 1551 949 1615 in
968 1551 1079 1634 paucis
1097 1571 1253 1636 magnum

108 1663 143 1725 et
172 1664 211 1724 ut
242 1659 343 1724 libere
376 1658 481 1723 dicam
509 1657 654 1723 unicum:
687 1658 777 1722 cuius
810 1680 904 1723 rarae
941 1657 1077 1723 virtutes
1111 1661 1144 1721 et
1177 1658 1253 1723 faci·

108 1787 190 1830 nora
217 1787 349 1848 prorsus
378 1765 494 1829 eximia
523 1786 596 1828 cum
623 1786 688 1828 non
713 1764 753 1828 ad
777 1762 966 1828 Borussicas
989 1767 1117 1827 tantum
1139 1769 1253 1851 terras,

108 1871 165 1935 sed
202 1873 241 1937 ad
280 1870 489 1937 Germaniam
525 1871 709 1934 universam
735 1870 932 1954 pertineant,
964 1873 1073 1934 tamma
1107 1871 1254 1955 gratiora

112 2000 209 2062 quam
232 1984 345 2043 nostra
368 1983 500 2061 pectora
522 1977 577 2041 vix
600 1998 736 2060 usquam
761 1975 823 2040 sibi
843 1975 1052 2040 devinxerint.
1083 1976 1169 2042 Nam
1192 1978 1253 2043 etsi

111 2085 266 2168 primaria
294 2107 369 2150 sane
399 2085 467 2148 laus
496 2082 645 2148 conditae
668 2082 763 2146 buius
787 2080 953 2146 Musarum
982 2082 1067 2146 sedis
1095 2100 1130 2148 ar
1159 2084 1252 2149 debe-

111 2194 178 2274 tur,
211 2213 231 2254 a
263 2192 353 2256 cuius
386 2191 521 2256 summis
553 2189 706 2274 auspiciis
740 2193 869 2271 cuncta,
902 2188 1017 2272 quibus
1048 2210 1105 2272 per
1136 2211 1252 2256 novem

110 2295 214 2361 ferme
242 2297 348 2361 lustra
375 2297 540 2361 cumulata
567 2296 675 2380 patria
703 2294 859 2376 effloruit,
893 2294 1048 2358 beneficia
1080 2296 1253 2378 repetenda

110 2406 196 2487 sunt,
219 2401 461 2487 Angustissimo
485 2402 824 2485 desideratissimoque
846 2401 1064 2465 Boruasorum
1079 2400 1162 2486 Regi
1186 2403 1254 2468 vita

109 2530 196 2573 nunc
220 2509 385 2573 defuncto:
421 2513 530 2573 tamen
559 2512 726 2592 tamquam
755 2506 892 2570 alterum
917 2508 1118 2573 conditorem
1142 2512 1298 2592 etpa·1v

111 2618 236 2679 rentem
260 2616 422 2698 suspicere
446 2620 518 2679 enin
541 2614 592 2680 fas
617 2619 680 2698 eat,
712 2615 803 2678 cuius
827 2613 1075 2698 sapientissimis
1099 2615 1252 2697 consiliis,

111 2743 211 2805 opera
233 2721 408 2806 indefessa,
440 2722 583 2805 ingenua
610 2722 805 2786 liberalitate
829 2743 867 2785 ac
889 2721 1001 2787 favore
1024 2725 1118 2808 plane
1143 2723 1252 2807 singu·

111 2828 171 2892 lari
202 2829 291 2914 iussa
317 2827 422 2914 Regia
452 2834 484 2893 et
514 2829 628 2893 effecta
658 2833 734 2892 snnt
763 2827 843 2893 olim
873 2835 906 2895 et
936 2851 995 2913 per
1026 2829 1253 2915 longissimum

111 2934 260 3019 idemque
291 2935 513 3001 felicissimum
544 2935 701 3019 temporis
732 2936 875 3020 spatium
902 2942 1033 3002 strenue
1061 2938 1253 3002 sustentata.

112 3040 200 3116 Quae
224 3040 325 3106 animi
348 3063 444 3106 sensa
466 3065 540 3107 cum
563 3044 709 3107 omnium
733 3048 840 3109 essent
862 3045 1059 3128 communia,
1087 3044 1164 3128 quid
1187 3065 1253 3107 ma-

110 3148 162 3232 gis
196 3152 324 3232 poterat
356 3153 608 3214 consentaneum
641 3171 725 3234 esse,
763 3173 859 3234 quam
891 3151 976 3235 quod
1014 3152 1146 3237 publiea
1182 3172 1253 3215 cum

110 3256 270 3320 maeroris
299 3260 369 3319 tum
398 3257 577 3341 gratiarum
607 3257 834 3321 testificatione
856 3259 1015 3341 praeclari
1038 3258 1110 3323 Viri
1134 3279 1253 3321 memo-

111 3362 194 3426 riam
227 3363 385 3428 cclcbrari
414 3362 609 3428 Academiae
638 3363 757 3428 Rector
789 3367 822 3428 et
853 3362 991 3429 Senatus
1023 3364 1253 3430 decreverunt?

10 3478 19 3486 '
111 3467 312 3554 Exstititque
341 3471 411 3534 sinc
440 3491 532 3534 mora
554 3473 726 3553 promptus
750 3469 791 3534 ad
815 3471 973 3536 orandum
997 3471 1175 3536 communia
1199 3470 1252 3534 do-

111 3575 191 3640 loris
215 3576 385 3660 interpres,
408 3577 498 3640 cuius
522 3576 672 3641 facundia
695 3575 836 3642 dubitari
860 3579 975 3662 nequit
993 3577 1072 3663 quin
1090 3576 1253 3661 publicam

111 3682 388 3766 exspectationem
411 3706 477 3747 non
501 3685 672 3766 aequasset
696 3681 750 3745 aed
775 3690 974 3768 superasset:
1011 3683 1253 3748 indicendorum

111 3793 221 3853 autem
241 3789 447 3853 sollemnium
465 3788 649 3853 funebrium
669 3811 785 3854 munus
805 3774 992 3855 mandatum
1012 3797 1062 3855 est
1080 3790 1253 3875 professori

112 3895 331 3980 eloquentiae,
364 3896 418 3981 qui
451 3894 613 3960 tralaticio
646 3917 735 3960 more
764 3895 948 3960 academico
977 3899 1082 3962 locum
1111 3897 1253 3981 aliquem

111 4092 178 4158 post
208 4090 338 4145 acerbam
366 4090 485 4144 mortem
511 4090 514 4155 Ι
539 4106 595 4142 non
618 4090 760 4158 periturae
782 4089 974 4145 testimonium
991 4089 996 4160 Ι
1012 4092 1120 4145 exstare
1139 4089 1251 4160 voluitl

112 4178 305 4234 universitatis
324 4180 481 4233 litterarum
498 4182 502 4247 Ι
522 4176 691 4231 l'ridericiae
711 4176 877 4234 Guilelmiae
895 4180 1046 4234 Rhenanac
1063 4182 1066 4247 l
1083 4179 1182 4249 pietas.
1199 4179 1204 4250 Ι
1220 4210 1252 4218 -

18 4320 28 4333 ,
111 4264 187 4322 ineat
209 4266 344 4323 friderici
369 4265 517 4322 ltitsobelii
541 4265 595 4320 litt.
619 4267 705 4335 antiq.
731 4269 760 4320 et
783 4266 853 4335 eloq.
877 4267 947 4336 prof⁴
967 4285 993 4336 p.
1013 4285 1036 4323 o
1056 4266 1253 4335 {corollarium

111 4352 311 4425 ἆὶφυὶιῒίοηίε
335 4355 370 4411 de
393 4354 572 4409 bibliothecis
591 4354 786 4409 Alexandrinis
810 4356 900 4423 deque
919 4355 1060 4411 Pisistrati
1080 4360 1085 4426 1
1106 4357 1178 4410 euris
1198 4357 1253 4413 Ηο-

110 4442 231 4501 mericis.
249 4443 327 4517 [vide
346 4444 448 4515 Opaca.
466 4443 480 4496 1
497 4460 525 4514 p.
545 4441 754 4514 12311editum
773 4445 885 4499 Bonnae
903 4461 928 4499 a
948 4448 1182 4518 cxnrococxxxx.)
