2962 5032
404 118 697 167 aanrunnmouau
721 119 794 165 uuo
819 106 1027 167 lustremus.
1225 101 1288 164 719

105 263 247 328 minis
273 262 477 346 splendorem
502 260 663 326 scribendi
687 260 987 345 commentandique
1011 282 1143 343 operam
1168 265 1201 324 et
1224 265 1289 324 stu-

103 361 235 434 dium
261 390 354 433 suum
378 390 473 434 omne
496 367 644 433 contulit.
689 366 814 432 Valete.

267 685 304 774 k)
327 687 388 751 Im'
405 686 672 752 Prooemiuum
696 687 761 751 des
784 684 1047 752 Summersem.
1074 688 1166 752 1846.

204 828 371 894 ‘interim
402 829 505 893 valete
534 833 567 894 et
593 851 653 894 nos
677 834 799 912 amate,
827 828 1009 913 oblatisque
1033 831 1213 895 studiorum
1238 849 1289 891 ve-

104 939 288 1001 strorum
321 935 523 1001 adminiculis
554 939 587 1000 et
616 935 841 1000 instrumentis
872 935 919 999 ita
951 936 1078 999 utimini
1109 940 1158 1018 ut,
1192 957 1289 1018 quam

107 1045 283 1127 quisque
313 1043 361 1106 vel
390 1042 476 1107 norit
500 1042 549 1105 vel
574 1042 716 1106 nondum
747 1041 827 1105 satis
856 1043 944 1106 norit
967 1046 1086 1124 artem,
1113 1042 1146 1104 in
1171 1042 1233 1104 hac
1257 1063 1289 1104 se

108 1154 277 1213 strenua
301 1153 455 1214 exerceat.

272 1413 297 1500 l)
320 1415 377 1480 Im
399 1413 639 1478 Prooemium
663 1413 727 1477 des
752 1412 995 1478 Wintersem.
1021 1415 1168 1496 1848s49

342 1554 395 1642 (dc
418 1556 540 1621 lacunis
564 1553 770 1642 Trinummi);
794 1555 1104 1641 Anfangsworte.

235 1697 435 1763 Litterarum
463 1697 571 1762 studia
599 1699 766 1783 quoniam,
800 1702 838 1762 ut
866 1698 913 1762 ait
935 1699 1002 1781 ille,
1034 1698 1289 1762 adulescentiam

121 1807 252 1888 alunt,
285 1808 483 1870 senectutem
511 1804 691 1888 oblectant,
723 1805 878 1869 secundas
907 1827 957 1869 res
985 1809 1116 1887 ornant,
1148 1803 1290 1869 adversis

124 1911 330 1997 perfugium
354 1933 392 1976 ac
415 1911 569 1976 solatium
592 1911 765 1996 praebent,
789 1910 950 1976 delectant
974 1912 1077 1994 domi,
1100 1933 1166 1976 non
1189 1911 1291 1994 impe-

127 2018 241 2084 diunt
264 2018 355 2101 foris,
376 2022 570 2101 pernoctant
591 2019 772 2109 nobiscum,
795 2018 1052 2102 peregrinantur,
1075 2017 1291 2082 rusticantur:

127 2145 213 2190 non
237 2129 287 2189 est
310 2146 366 2188 cur
388 2125 491 2189 veteri
515 2128 611 2208 atque
635 2125 769 2209 antiqua
788 2124 1018 2189 consuetudine
1037 2126 1151 2189 relicta
1170 2124 1221 2188 vel
1240 2123 1291 2187 his

130 2231 366 2315 temporibus,
403 2231 519 2314 quibus
556 2231 589 2294 in
622 2231 814 2295 vindicanda
847 2231 997 2296 libertate
1030 2229 1290 2312 illustrandaque

133 2338 255 2421 patria
278 2337 420 2402 omnium
445 2342 478 2402 et
501 2336 610 2402 oculos
635 2340 669 2400 et
691 2337 816 2401 animos
839 2337 961 2401 defixos
986 2337 1139 2421 videmus,
1163 2334 1291 2401 aliunde

136 2445 211 2509 nisi
235 2466 253 2507 a
277 2443 501 2508 communibus
526 2444 576 2507 vel
599 2465 700 2527 prope
724 2443 948 2508 communibus
969 2443 1088 2508 litteris
1108 2444 1176 2507 eius
1196 2462 1293 2528 argu·

140 2553 295 2615 mentum
317 2549 529 2633 praefationis
552 2553 714 2634 petamus,
745 2572 808 2633 qua
832 2550 1016 2614 scholarum
1039 2570 1097 2633 per
1120 2550 1291 2633 insequens

144 2662 304 2723 semestre
332 2657 473 2739 spatium
500 2656 722 2720 habendarum
751 2653 950 2719 fructuosam
978 2654 1070 2720 vobis
1101 2655 1291 2719 varietatem

145 2762 420 2830 commendamus.
472 2762 671 2827 Revocemus
704 2765 812 2825 autem
845 2783 903 2826 vos
936 2761 976 2825 ad
1008 2761 1161 2826 festivum
1195 2765 1294 2844 caput

146 2870 238 2935 illius
261 2873 386 2955 poetae,
410 2869 464 2953 qui
488 2890 560 2932 cum
584 2867 731 2932 crebram
755 2868 948 2951 praebuerit,
970 2872 1041 2932 tum
1064 2868 1290 2933 inexhaustam

148 2977 288 3061 praebet
310 2974 542 3060 praebebitque
567 2975 806 3039 commentandi
829 2974 1008 3039 materiam.

285 3294 332 3381 m)
356 3295 410 3360 Im
433 3295 674 3359 Prooemium
699 3296 765 3359 des
789 3293 1048 3361 Sommersem.
1076 3296 1159 3359 1850

452 3435 505 3521 (de
530 3435 631 3502 Stichi
656 3438 758 3500 veteri
780 3437 999 3524 retractione).

240 3577 348 3662 Atque
379 3577 458 3643 haec
487 3601 576 3644 more
599 3579 758 3643 maiorum
781 3580 978 3663 prolusimus
1002 3578 1187 3643 scholarum
1211 3601 1292 3662 quae

150 3684 245 3749 vobis
269 3685 448 3749 offeruntur
472 3685 718 3768 renuntiationi,
750 3707 814 3769 quo
838 3685 943 3749 denuo
967 3686 1178 3768 moneamini,
1207 3684 1292 3768 quod

152 3811 223 3854 esse
246 3812 408 3855 summum
431 3791 466 3855 in
488 3791 648 3856 discendis
672 3791 793 3856 litteris
817 3795 982 3875 putamus,
1005 3778 1104 3856 utne
1128 3792 1203 3876 quid
1228 3812 1292 3855 cre-

151 3896 235 3961 datis
266 3901 399 3962 temere:
432 3921 497 3964 non
527 3900 583 3983 qui
615 3907 734 3963 temere
765 3900 803 3963 de
835 3898 1032 3983 quibuslibet
1058 3899 1206 3965 dubitare
1235 3922 1292 3964 vos

150 4004 329 4088 iubeamus,
352 4005 408 4069 sed
431 4028 504 4070 cum
531 4007 657 4070 ratione
681 4007 829 4071 dubitare
853 4006 891 4070 de
910 4007 1060 4070 omnibus
1079 4007 1167 4090 prius
1187 4029 1294 4089 quam,

151 4131 233 4192 quae
261 4109 495 4175 dubitationem
524 4133 588 4174 non
618 4113 736 4176 lrabcre
764 4112 1002 4194 intellexeritis,
1031 4116 1116 4177 recte
1145 4112 1294 4176 credatis.

152 4214 278 4279 Valcte.
