2962 5032
239 297 305 362 560
526 314 598 362 nvo
622 313 884 362 eacaunnnsrn
908 314 1090 361 susurrus.

239 454 368 510 Ceterum
391 455 529 508 adcurum
551 455 572 508 F
697 459 749 508 256
767 455 911 522 poletrum
929 453 993 508 libri
1120 459 1172 507 257
1197 453 1301 508 Venere
1319 459 1388 524 post

239 543 320 599 Pium
338 544 522 600 Hermannns.
559 543 654 597 ceneri
677 542 757 611 libri,
784 542 937 597 toleratum
959 560 977 597 a
996 541 1121 598 Bentleio
1140 541 1170 597 in
1189 542 1344 598 Heautont.
1365 544 1386 611 l,

241 639 265 698 1,
276 638 340 687 110:
358 633 434 702 quod
453 632 506 687 etsi
525 648 577 687 sua
594 631 715 701 quadam
730 631 891 686 defensione
909 648 965 685 non
984 633 1069 700 caret,
1087 633 1182 687 tamen
1200 631 1230 685 in
1249 648 1386 701 praesens

238 721 325 776 malui
353 719 547 791 perspicuitati
575 719 719 775 consulere
849 721 895 773 cui
922 718 1025 773 ODFZ
1153 720 1256 785 finti*

238 810 404 879 aphrodosiae
421 810 464 864 Da
593 815 646 864 258
669 808 710 862 Et
727 809 795 878 quid
817 807 838 861 F
953 809 1084 878 qratiam
1106 808 1139 861 R
1175 809 1286 878 pectine
1308 809 1387 877 libri,

238 898 293 953 nisi
312 899 386 967 quod
403 898 533 971 pruoieC
640 915 701 952 cum
725 896 828 952 ΟΜΖ
936 902 988 950 259
1016 912 1072 950 ποπ
1095 895 1285 955 Gronoviana.
1317 916 1388 952 πππι

239 988 284 1043 vel
302 988 342 1042 ππ
359 987 438 1055 libri,
461 987 515 1041 nisi
534 986 609 1056 quod
626 1003 666 1040 ππ
686 985 706 1041 C
824 985 926 1040 Mauri
944 985 1011 1038 cudo
1029 985 1092 1038 uisci
1109 987 1209 1040 ceteris
1226 986 1313 1042 Decet
1332 988 1387 1042 Bo·

238 1077 322 1132 thius.
359 1079 431 1132 decet
453 1077 555 1131 donari
573 1076 649 1132 Cedo
671 1076 736 1130 uiui
757 1075 863 1140 uaeris
880 1073 953 1127 libri.
991 1073 1059 1127 cudo
1082 1075 1181 1128 aeterra
1198 1077 1264 1131 uini
1282 1077 1390 1131 ἀοππή

239 1165 323 1220 Decet
344 1183 408 1221 cum
426 1164 521 1221 Reiuio
539 1164 714 1219 Hermannus
858 1168 961 1231 260sq.
999 1161 1075 1217 Duos
1096 1163 1239 1220 trimetros
1259 1167 1389 1236 praetuli

239 1255 401 1310 hexametro
420 1253 562 1309 Reieianc.
598 1253 737 1307 iambicos
755 1268 844 1322 nuper
862 1250 1004 1321 discripsit
1020 1251 1209 1310 Hermannus:

346 1380 410 1433 Iam
428 1379 518 1433 aduae
535 1394 576 1432 ose
593 1377 665 1432 decet
682 1377 752 1431 cado
769 1378 871 1432 donari
887 1378 987 1433 aeterra
1005 1376 1088 1431 alni?

346 1469 401 1523 Dic
419 1469 493 1524 deire.
520 1467 591 1521 aiod
609 1465 773 1536 recpdndes?
801 1467 900 1536 ῖίπφππ
917 1468 982 1521 huic
999 1467 1115 1533 excidit,
1133 1472 1164 1520 al
1183 1470 1291 1537 opinor.

239 1595 374 1664 derepto
392 1592 531 1648 dariiam
550 1588 644 1647 Densa
663 1591 743 1661 Expl
762 1592 809 1659 IV,
831 1599 843 1645 1
928 1593 1130 1662 reilinquere
1149 1592 1172 1645 B
1192 1593 1267 1648 eruit
1286 1594 1388 1649 Came-

239 1682 341 1736 rarius:
361 1682 435 1749 qucd
454 1682 549 1735 tamen
568 1679 727 1735 coniectura
745 1683 900 1750 repertum,
928 1681 977 1735 sed
996 1683 1060 1751 post
1082 1682 1185 1735 excidit
1203 1681 1390 1751 collocatum,

239 1769 297 1825 iam
316 1770 380 1823 Ald.
400 1770 519 1824 exhibet.
557 1786 612 1824 om.
637 1769 687 1824 OD
711 1786 775 1824 cum
799 1770 891 1838 spatio
910 1786 1012 1837 vacuo,
1039 1768 1098 1824 sine
1117 1770 1209 1838 spatio
1227 1770 1276 1823 ΡΖ

239 1858 351 1913 hanel*
468 1865 520 1912 202
541 1858 615 1928 Quid
633 1857 663 1911 B.
696 1859 763 1926 quid
781 1859 825 1911 laic
843 1857 946 1926 reliqui
1066 1859 1186 1923 allieas
1198 1859 1220 1911 E
1342 1860 1389 1913 ob·

238 1949 361 2016 ctipuc'sti
379 1947 561 2003 Camerarius.
593 1948 745 2016 opstitailti
762 1944 821 2004 BC.
853 1948 1004 2012 obstituisti
1021 1945 1072 2002 Da
1119 1947 1259 2010 obtimini
1278 1946 1386 2016 ncnc,

241 2035 379 2090 ‘nonnulli
398 2035 462 2089 libri
481 2035 605 2091 veteras’
626 2035 754 2090 Lambini
862 2036 980 2104 opturba
1002 2052 1053 2105 pro
1071 2036 1122 2090 obt.
1144 2034 1192 2089 Bc
1274 2052 1308 2089 ac
1327 2041 1390 2090 tuce

240 2124 423 2180 Camerarius.
460 2140 494 2179 ac
512 2128 566 2178 tute
584 2124 615 2178 B.
652 2128 738 2179 aetate
757 2124 816 2180 Ol).
854 2130 913 2179 tace
930 2124 984 2178 FZ.
1022 2125 1058 2180 ab
1076 2129 1134 2179 tace
1153 2123 1289 2179 Gruterus

328 2304 417 2370 Haec
441 2308 518 2370 sunt
539 2326 621 2389 quae
650 2305 684 2368 in
706 2305 891 2388 praesentia
909 2304 1089 2390 praefanda
1112 2304 1262 2370 duximus
1287 2307 1390 2372 trala-

239 2413 336 2477 ticiae
360 2410 633 2478 commendationi
658 2411 864 2477 semestrium
883 2411 1076 2495 scholarum,
1100 2434 1235 2497 quarum
1256 2413 1387 2496 copiam

240 2520 456 2585 lautissimam
485 2518 520 2581 iu
547 2517 593 2581 eis
622 2538 704 2601 quae
733 2518 897 2583 subiectae
926 2523 1000 2583 sunt
1028 2519 1150 2583 tabulis
1174 2519 1267 2583 vobis
1296 2519 1388 2583 obla-

240 2631 308 2691 tam
332 2626 456 2690 uidetis.
504 2624 627 2699 Quibus
659 2623 706 2687 ita
738 2623 880 2705 utimini,
913 2627 949 2689 ut
979 2625 1144 2708 impensae
1175 2647 1295 2711 operae
1326 2648 1389 2690 nec

241 2757 299 2798 vos
322 2754 381 2797 nec
404 2755 462 2796 nos
488 2732 661 2814 paeniteat.
698 2728 822 2794 Valete.

789 3051 831 3115 ll.

382 3191 555 3257 SCAENA
579 3192 804 3257 PLAVTINA
828 3191 1020 3257 POENVLI
1046 3192 1139 3258 Aen.
1163 3193 1242 3278 ll.*)

189 3410 226 3449 ΠΙ
329 3370 463 3436 Poenuli
493 3369 678 3453 Plautinae,
711 3394 805 3455 quam
836 3371 980 3435 fabulam
1013 3394 1086 3456 spes
1117 3377 1166 3435 est
1196 3372 1387 3454 propediem

241 3477 454 3561 prodituram,
489 3479 620 3543 interim
651 3501 722 3542 eam
754 3479 846 3542 vobis
880 3501 1029 3543 scaenam
1063 3479 1290 3563 proponimus,
1323 3502 1389 3562 (lua

241 3586 369 3649 fabullae
393 3590 484 3649 actus
508 3585 539 3649 II
563 3585 662 3668 vulgo
687 3585 897 3650 concluditur.
943 3585 1018 3650 Non
1042 3586 1133 3649 illam
1156 3584 1286 3669 quidem
1311 3585 1388 3647 ube·

241 3693 325 3757 riore
349 3692 595 3756 ratiocinatione
619 3696 815 3776 enarratam,
846 3692 900 3756 sed
933 3693 978 3756 ita
1002 3715 1072 3757 cum
1097 3713 1173 3755 cura
1197 3690 1388 3754 adnotatam

241 3804 286 3879 ut,
310 3822 381 3863 cum
406 3797 446 3862 ad
469 3801 597 3882 plenam
617 3799 882 3864 documentorum
902 3800 1054 3864 notitiam
1073 3799 1156 3861 nihil
1177 3797 1389 3879 desideretur,

241 3912 274 3970 et
298 3906 408 3969 iudicii
431 3907 565 3969 acuendi
595 3911 628 3970 et
654 3907 821 3971 exercendi
846 3906 969 3990 ingenii
992 3905 1108 3970 idonea
1132 3905 1225 3969 vobis
1250 3905 1390 3968 materia

241 4014 275 4077 in
307 4016 460 4096 promptu
493 4013 544 4076 sit.
590 4012 703 4076 Talem
736 4012 849 4097 igitur,
887 4013 1015 4096 qualem
1048 4012 1114 4076 fere
1148 4017 1203 4075 aut
1239 4034 1258 4073 a
1292 4016 1390 4094 poeta

241 4119 360 4182 factam
384 4123 441 4183 aut
464 4119 588 4202 aliquot
606 4123 681 4202 post
699 4119 792 4182 illum
812 4119 950 4183 saeculis
970 4120 1151 4183 lectitatum
1171 4118 1291 4201 partim
1313 4118 1390 4181 libri

242 4229 403 4290 testantur
421 4227 538 4309 partim
558 4227 643 4289 ratio
663 4225 875 4308 commendat,
895 4226 979 4289 infra
999 4227 1152 4309 scriptam
1172 4226 1391 4291 exhibuimus.

241 4352 368 4359 ———-.-
381 4355 393 4358 -
402 4354 452 4359 .-.-

314 4421 339 4486 *)
357 4418 546 4488 [Prooemium
561 4419 661 4474 indicis
676 4419 834 4474 scholarum
848 4419 1018 4474 aestivarum
1033 4420 1120 4472 Bonn.
1136 4434 1159 4471 a.
1171 4422 1390 4491 elcrocccnxvl
