<?xml version="1.0" encoding="UTF-8"?>
<!DOCTYPE html PUBLIC "-//W3C//DTD XHTML 1.0 Transitional//EN"
    "http://www.w3.org/TR/xhtml1/DTD/xhtml1-transitional.dtd">
<html xmlns="http://www.w3.org/1999/xhtml" xml:lang="en" lang="en">
 <head>
  <title>
</title>
<meta http-equiv="Content-Type" content="text/html;charset=utf-8" />
  <meta name='ocr-system' content='tesseract 3.04.00' />
  <meta name='ocr-capabilities' content='ocr_page ocr_carea ocr_par ocr_line ocrx_word'/>
</head>
<body>
  <div class='ocr_page' id='page_1' title='image "./fridericiritsch02wachgoog_0692.png"; bbox 0 0 2962 5032; ppageno 0'>
   <div class='ocr_carea' id='block_1_1' title="bbox 552 95 1312 184">
    <p class='ocr_par' dir='ltr' id='par_1_1' title="bbox 552 95 1312 184">
     <span class='ocr_line' id='line_1_1' title="bbox 552 95 1312 184; baseline 0.001 -26"><span class='ocrx_word' id='word_1_1' title='bbox 552 110 784 159; x_wconf 78' lang='lat' dir='ltr'>narnrnrscrm</span> <span class='ocrx_word' id='word_1_2' title='bbox 808 112 937 159; x_wconf 80' lang='lat' dir='ltr'>annau.</span> <span class='ocrx_word' id='word_1_3' title='bbox 994 179 996 184; x_wconf 65' lang='lat'>,</span> <span class='ocrx_word' id='word_1_4' title='bbox 1247 95 1312 160; x_wconf 75' lang='lat'>673</span> 
     </span>
    </p>
   </div>
   <div class='ocr_carea' id='block_1_2' title="bbox 125 254 1377 4176">
    <p class='ocr_par' dir='ltr' id='par_1_2' title="bbox 125 254 1377 4176">
     <span class='ocr_line' id='line_1_2' title="bbox 163 254 1314 341; baseline -0.003 -19"><span class='ocrx_word' id='word_1_5' title='bbox 163 279 241 322; x_wconf 89' lang='lat' dir='ltr'>esse</span> <span class='ocrx_word' id='word_1_6' title='bbox 256 257 458 340; x_wconf 80' lang='lat' dir='ltr'>singulorum</span> <span class='ocrx_word' id='word_1_7' title='bbox 476 254 645 320; x_wconf 88' lang='lat' dir='ltr'>hominum</span> <span class='ocrx_word' id='word_1_8' title='bbox 664 260 788 321; x_wconf 89' lang='lat' dir='ltr'>aetates</span> <span class='ocrx_word' id='word_1_9' title='bbox 806 257 1013 321; x_wconf 73' lang='lat' dir='ltr'>incrementis</span> <span class='ocrx_word' id='word_1_10' title='bbox 1027 257 1094 322; x_wconf 90' lang='lat' dir='ltr'>illis</span> <span class='ocrx_word' id='word_1_11' title='bbox 1108 255 1314 341; x_wconf 79' lang='lat' dir='ltr'>assequendis</span> 
     </span>
     <span class='ocr_line' id='line_1_3' title="bbox 164 361 1315 450; baseline -0.004 -21"><span class='ocrx_word' id='word_1_12' title='bbox 164 369 271 450; x_wconf 88' lang='lat' dir='ltr'>atque</span> <span class='ocrx_word' id='word_1_13' title='bbox 291 361 553 447; x_wconf 87' lang='lat' dir='ltr'>complectendis:</span> <span class='ocrx_word' id='word_1_14' title='bbox 577 363 625 427; x_wconf 90' lang='lat' dir='ltr'>ita</span> <span class='ocrx_word' id='word_1_15' title='bbox 643 363 713 427; x_wconf 89' lang='lat' dir='ltr'>fieri</span> <span class='ocrx_word' id='word_1_16' title='bbox 734 368 777 447; x_wconf 96' lang='lat' dir='ltr'>ut,</span> <span class='ocrx_word' id='word_1_17' title='bbox 796 363 871 427; x_wconf 94' lang='lat' dir='ltr'>dum</span> <span class='ocrx_word' id='word_1_18' title='bbox 891 363 1049 449; x_wconf 81' lang='lat' dir='ltr'>professio</span> <span class='ocrx_word' id='word_1_19' title='bbox 1068 364 1252 429; x_wconf 86' lang='lat' dir='ltr'>litterarum</span> <span class='ocrx_word' id='word_1_20' title='bbox 1272 361 1315 425; x_wconf 91' lang='lat' dir='ltr'>sit</span> 
     </span>
     <span class='ocr_line' id='line_1_4' title="bbox 167 469 1315 556; baseline -0.003 -21"><span class='ocrx_word' id='word_1_21' title='bbox 167 493 271 556; x_wconf 88' lang='lat' dir='ltr'>penes</span> <span class='ocrx_word' id='word_1_22' title='bbox 295 470 449 553; x_wconf 82' lang='lat' dir='ltr'>seniores,</span> <span class='ocrx_word' id='word_1_23' title='bbox 478 491 577 553; x_wconf 90' lang='lat' dir='ltr'>penes</span> <span class='ocrx_word' id='word_1_24' title='bbox 600 469 744 533; x_wconf 87' lang='lat' dir='ltr'>iuniores</span> <span class='ocrx_word' id='word_1_25' title='bbox 773 471 945 535; x_wconf 90' lang='lat' dir='ltr'>earundem</span> <span class='ocrx_word' id='word_1_26' title='bbox 970 471 1169 536; x_wconf 90' lang='lat' dir='ltr'>incrementa</span> <span class='ocrx_word' id='word_1_27' title='bbox 1192 470 1258 534; x_wconf 92' lang='lat' dir='ltr'>sint</span> <span class='ocrx_word' id='word_1_28' title='bbox 1281 471 1315 531; x_wconf 88' lang='lat' dir='ltr'>et</span> 
     </span>
     <span class='ocr_line' id='line_1_5' title="bbox 166 574 1314 661; baseline -0.004 -19"><span class='ocrx_word' id='word_1_29' title='bbox 166 577 393 642; x_wconf 85' lang='lat' dir='ltr'>recentissima</span> <span class='ocrx_word' id='word_1_30' title='bbox 415 596 561 661; x_wconf 90' lang='lat' dir='ltr'>quaeque</span> <span class='ocrx_word' id='word_1_31' title='bbox 584 575 723 641; x_wconf 88' lang='lat' dir='ltr'>inventa.</span> <span class='ocrx_word' id='word_1_32' title='bbox 770 575 854 641; x_wconf 85' lang='lat' dir='ltr'>Huic</span> <span class='ocrx_word' id='word_1_33' title='bbox 878 581 984 641; x_wconf 90' lang='lat' dir='ltr'>autem</span> <span class='ocrx_word' id='word_1_34' title='bbox 1009 576 1227 641; x_wconf 77' lang='lat' dir='ltr'>criminationi</span> <span class='ocrx_word' id='word_1_35' title='bbox 1252 574 1314 638; x_wconf 90' lang='lat' dir='ltr'>etsi</span> 
     </span>
     <span class='ocr_line' id='line_1_6' title="bbox 167 682 1316 768; baseline -0.003 -20"><span class='ocrx_word' id='word_1_36' title='bbox 167 685 352 750; x_wconf 89' lang='lat' dir='ltr'>rectissime</span> <span class='ocrx_word' id='word_1_37' title='bbox 383 684 431 748; x_wconf 91' lang='lat' dir='ltr'>ita</span> <span class='ocrx_word' id='word_1_38' title='bbox 463 682 688 767; x_wconf 89' lang='lat' dir='ltr'>respondetur,</span> <span class='ocrx_word' id='word_1_39' title='bbox 722 687 759 747; x_wconf 93' lang='lat' dir='ltr'>ut</span> <span class='ocrx_word' id='word_1_40' title='bbox 790 683 851 748; x_wconf 92' lang='lat' dir='ltr'>hoc</span> <span class='ocrx_word' id='word_1_41' title='bbox 884 683 954 768; x_wconf 87' lang='lat' dir='ltr'>ipso</span> <span class='ocrx_word' id='word_1_42' title='bbox 988 685 1122 748; x_wconf 91' lang='lat' dir='ltr'>consilio</span> <span class='ocrx_word' id='word_1_43' title='bbox 1153 682 1316 768; x_wconf 90' lang='lat' dir='ltr'>privatim,</span> 
     </span>
     <span class='ocr_line' id='line_1_7' title="bbox 169 789 1316 876; baseline -0.003 -20"><span class='ocrx_word' id='word_1_44' title='bbox 169 812 238 856; x_wconf 91' lang='lat' dir='ltr'>non</span> <span class='ocrx_word' id='word_1_45' title='bbox 263 791 394 876; x_wconf 92' lang='lat' dir='ltr'>publico</span> <span class='ocrx_word' id='word_1_46' title='bbox 419 790 527 855; x_wconf 83' lang='lat' dir='ltr'>officio</span> <span class='ocrx_word' id='word_1_47' title='bbox 546 789 731 855; x_wconf 81' lang='lat' dir='ltr'>docentium</span> <span class='ocrx_word' id='word_1_48' title='bbox 750 804 868 855; x_wconf 90' lang='lat' dir='ltr'>munus</span> <span class='ocrx_word' id='word_1_49' title='bbox 887 812 957 855; x_wconf 88' lang='lat' dir='ltr'>esse</span> <span class='ocrx_word' id='word_1_50' title='bbox 976 791 1161 855; x_wconf 90' lang='lat' dir='ltr'>institutum</span> <span class='ocrx_word' id='word_1_51' title='bbox 1181 789 1316 873; x_wconf 91' lang='lat' dir='ltr'>dicatur,</span> 
     </span>
     <span class='ocr_line' id='line_1_8' title="bbox 168 898 1316 983; baseline 0 -22"><span class='ocrx_word' id='word_1_52' title='bbox 168 919 212 963; x_wconf 90' lang='lat' dir='ltr'>ne</span> <span class='ocrx_word' id='word_1_53' title='bbox 243 903 428 964; x_wconf 67' lang='lat' dir='ltr'>senesceret</span> <span class='ocrx_word' id='word_1_54' title='bbox 454 904 550 983; x_wconf 90' lang='lat' dir='ltr'>atque</span> <span class='ocrx_word' id='word_1_55' title='bbox 580 898 798 962; x_wconf 83' lang='lat' dir='ltr'>obsolesceret</span> <span class='ocrx_word' id='word_1_56' title='bbox 825 899 876 963; x_wconf 90' lang='lat' dir='ltr'>vel</span> <span class='ocrx_word' id='word_1_57' title='bbox 900 898 1036 963; x_wconf 88' lang='lat' dir='ltr'>scientia</span> <span class='ocrx_word' id='word_1_58' title='bbox 1059 898 1242 962; x_wconf 88' lang='lat' dir='ltr'>litterarum</span> <span class='ocrx_word' id='word_1_59' title='bbox 1266 898 1316 961; x_wconf 92' lang='lat' dir='ltr'>vel</span> 
     </span>
     <span class='ocr_line' id='line_1_9' title="bbox 170 1003 1316 1090; baseline -0.001 -22"><span class='ocrx_word' id='word_1_60' title='bbox 170 1003 404 1070; x_wconf 88' lang='lat' dir='ltr'>tradendarum</span> <span class='ocrx_word' id='word_1_61' title='bbox 436 1004 782 1090; x_wconf 84' lang='lat' dir='ltr'>propagandarumque</span> <span class='ocrx_word' id='word_1_62' title='bbox 814 1005 898 1070; x_wconf 89' lang='lat' dir='ltr'>ratio</span> <span class='ocrx_word' id='word_1_63' title='bbox 927 1027 965 1070; x_wconf 90' lang='lat' dir='ltr'>ao</span> <span class='ocrx_word' id='word_1_64' title='bbox 992 1004 1172 1090; x_wconf 88' lang='lat' dir='ltr'>disciplina:</span> <span class='ocrx_word' id='word_1_65' title='bbox 1206 1007 1316 1067; x_wconf 79' lang='lat' dir='ltr'>taurea</span> 
     </span>
     <span class='ocr_line' id='line_1_10' title="bbox 170 1110 1316 1196; baseline -0.002 -21"><span class='ocrx_word' id='word_1_66' title='bbox 170 1111 341 1176; x_wconf 87' lang='lat' dir='ltr'>fatendum</span> <span class='ocrx_word' id='word_1_67' title='bbox 370 1115 420 1176; x_wconf 90' lang='lat' dir='ltr'>est</span> <span class='ocrx_word' id='word_1_68' title='bbox 447 1111 498 1175; x_wconf 90' lang='lat' dir='ltr'>vel</span> <span class='ocrx_word' id='word_1_69' title='bbox 523 1112 569 1176; x_wconf 88' lang='lat' dir='ltr'>sie</span> <span class='ocrx_word' id='word_1_70' title='bbox 594 1112 795 1196; x_wconf 91' lang='lat' dir='ltr'>aliquantum</span> <span class='ocrx_word' id='word_1_71' title='bbox 819 1111 929 1194; x_wconf 87' lang='lat' dir='ltr'>adid,</span> <span class='ocrx_word' id='word_1_72' title='bbox 962 1111 1048 1196; x_wconf 93' lang='lat' dir='ltr'>quod</span> <span class='ocrx_word' id='word_1_73' title='bbox 1072 1112 1115 1176; x_wconf 92' lang='lat' dir='ltr'>sit</span> <span class='ocrx_word' id='word_1_74' title='bbox 1138 1110 1316 1196; x_wconf 89' lang='lat' dir='ltr'>perfectum</span> 
     </span>
     <span class='ocr_line' id='line_1_11' title="bbox 172 1216 1317 1304; baseline -0.003 -21"><span class='ocrx_word' id='word_1_75' title='bbox 172 1219 225 1284; x_wconf 92' lang='lat' dir='ltr'>vel</span> <span class='ocrx_word' id='word_1_76' title='bbox 248 1216 392 1301; x_wconf 82' lang='lat' dir='ltr'>perfecto</span> <span class='ocrx_word' id='word_1_77' title='bbox 415 1217 612 1301; x_wconf 84' lang='lat' dir='ltr'>proximum,</span> <span class='ocrx_word' id='word_1_78' title='bbox 641 1217 825 1283; x_wconf 88' lang='lat' dir='ltr'>desiderari.</span> <span class='ocrx_word' id='word_1_79' title='bbox 871 1216 915 1281; x_wconf 82' lang='lat' dir='ltr'>Et</span> <span class='ocrx_word' id='word_1_80' title='bbox 939 1240 1039 1282; x_wconf 90' lang='lat' dir='ltr'>uuum</span> <span class='ocrx_word' id='word_1_81' title='bbox 1063 1218 1212 1304; x_wconf 81' lang='lat' dir='ltr'>quiddam</span> <span class='ocrx_word' id='word_1_82' title='bbox 1237 1218 1317 1282; x_wconf 84' lang='lat' dir='ltr'>satis</span> 
     </span>
     <span class='ocr_line' id='line_1_12' title="bbox 173 1323 1317 1409; baseline -0.003 -19"><span class='ocrx_word' id='word_1_83' title='bbox 173 1326 281 1391; x_wconf 87' lang='lat' dir='ltr'>babeo</span> <span class='ocrx_word' id='word_1_84' title='bbox 305 1346 369 1389; x_wconf 92' lang='lat' dir='ltr'>uno</span> <span class='ocrx_word' id='word_1_85' title='bbox 393 1323 491 1388; x_wconf 90' lang='lat' dir='ltr'>verbo</span> <span class='ocrx_word' id='word_1_86' title='bbox 515 1324 723 1408; x_wconf 81' lang='lat' dir='ltr'>significasse,</span> <span class='ocrx_word' id='word_1_87' title='bbox 747 1345 810 1408; x_wconf 92' lang='lat' dir='ltr'>quo</span> <span class='ocrx_word' id='word_1_88' title='bbox 835 1324 962 1409; x_wconf 91' lang='lat' dir='ltr'>quidem</span> <span class='ocrx_word' id='word_1_89' title='bbox 982 1325 1068 1391; x_wconf 91' lang='lat' dir='ltr'>illius</span> <span class='ocrx_word' id='word_1_90' title='bbox 1088 1324 1213 1390; x_wconf 88' lang='lat' dir='ltr'>consilii</span> <span class='ocrx_word' id='word_1_91' title='bbox 1232 1325 1317 1388; x_wconf 89' lang='lat' dir='ltr'>salu·</span> 
     </span>
     <span class='ocr_line' id='line_1_13' title="bbox 173 1429 1317 1516; baseline -0.003 -19"><span class='ocrx_word' id='word_1_92' title='bbox 173 1432 296 1515; x_wconf 88' lang='lat' dir='ltr'>britas,</span> <span class='ocrx_word' id='word_1_93' title='bbox 318 1431 351 1496; x_wconf 91' lang='lat' dir='ltr'>in</span> <span class='ocrx_word' id='word_1_94' title='bbox 374 1450 437 1514; x_wconf 92' lang='lat' dir='ltr'>quo</span> <span class='ocrx_word' id='word_1_95' title='bbox 461 1429 566 1513; x_wconf 88' lang='lat' dir='ltr'>ipsam</span> <span class='ocrx_word' id='word_1_96' title='bbox 590 1431 657 1494; x_wconf 88' lang='lat' dir='ltr'>vim</span> <span class='ocrx_word' id='word_1_97' title='bbox 680 1430 813 1494; x_wconf 87' lang='lat' dir='ltr'>vitalem</span> <span class='ocrx_word' id='word_1_98' title='bbox 837 1430 1088 1496; x_wconf 83' lang='lat' dir='ltr'>universitatum</span> <span class='ocrx_word' id='word_1_99' title='bbox 1111 1432 1317 1516; x_wconf 91' lang='lat' dir='ltr'>potissimum</span> 
     </span>
     <span class='ocr_line' id='line_1_14' title="bbox 174 1536 1317 1626; baseline -0.002 -24"><span class='ocrx_word' id='word_1_100' title='bbox 174 1558 246 1602; x_wconf 84' lang='lat' dir='ltr'>esse</span> <span class='ocrx_word' id='word_1_101' title='bbox 269 1537 447 1626; x_wconf 86' lang='lat' dir='ltr'>repositam</span> <span class='ocrx_word' id='word_1_102' title='bbox 470 1536 595 1622; x_wconf 89' lang='lat' dir='ltr'>pridem</span> <span class='ocrx_word' id='word_1_103' title='bbox 625 1536 826 1601; x_wconf 90' lang='lat' dir='ltr'>intellectum</span> <span class='ocrx_word' id='word_1_104' title='bbox 850 1540 912 1620; x_wconf 89' lang='lat' dir='ltr'>est,</span> <span class='ocrx_word' id='word_1_105' title='bbox 940 1558 1006 1601; x_wconf 91' lang='lat' dir='ltr'>non</span> <span class='ocrx_word' id='word_1_106' title='bbox 1029 1538 1232 1603; x_wconf 83' lang='lat' dir='ltr'>mediocriter</span> <span class='ocrx_word' id='word_1_107' title='bbox 1255 1538 1317 1602; x_wconf 89' lang='lat' dir='ltr'>ele-</span> 
     </span>
     <span class='ocr_line' id='line_1_15' title="bbox 176 1643 1318 1729; baseline 0.002 -21"><span class='ocrx_word' id='word_1_108' title='bbox 176 1647 272 1708; x_wconf 89' lang='lat' dir='ltr'>vatur</span> <span class='ocrx_word' id='word_1_109' title='bbox 295 1648 391 1727; x_wconf 87' lang='lat' dir='ltr'>atque</span> <span class='ocrx_word' id='word_1_110' title='bbox 415 1647 615 1708; x_wconf 88' lang='lat' dir='ltr'>attenuatur:</span> <span class='ocrx_word' id='word_1_111' title='bbox 646 1643 708 1707; x_wconf 93' lang='lat' dir='ltr'>hoc</span> <span class='ocrx_word' id='word_1_112' title='bbox 731 1643 818 1727; x_wconf 91' lang='lat' dir='ltr'>dieo,</span> <span class='ocrx_word' id='word_1_113' title='bbox 842 1643 928 1729; x_wconf 91' lang='lat' dir='ltr'>quod</span> <span class='ocrx_word' id='word_1_114' title='bbox 952 1643 1137 1709; x_wconf 86' lang='lat' dir='ltr'>etiamnunc</span> <span class='ocrx_word' id='word_1_115' title='bbox 1160 1645 1318 1729; x_wconf 86' lang='lat' dir='ltr'>quaedam</span> 
     </span>
     <span class='ocr_line' id='line_1_16' title="bbox 175 1748 1319 1835; baseline 0 -19"><span class='ocrx_word' id='word_1_116' title='bbox 175 1750 362 1816; x_wconf 88' lang='lat' dir='ltr'>docentium</span> <span class='ocrx_word' id='word_1_117' title='bbox 390 1749 520 1814; x_wconf 91' lang='lat' dir='ltr'>scholae</span> <span class='ocrx_word' id='word_1_118' title='bbox 548 1752 637 1831; x_wconf 88' lang='lat' dir='ltr'>sunt,</span> <span class='ocrx_word' id='word_1_119' title='bbox 671 1770 750 1833; x_wconf 86' lang='lat' dir='ltr'>quas</span> <span class='ocrx_word' id='word_1_120' title='bbox 772 1748 972 1833; x_wconf 83' lang='lat' dir='ltr'>frequentari</span> <span class='ocrx_word' id='word_1_121' title='bbox 997 1771 1062 1815; x_wconf 92' lang='lat' dir='ltr'>non</span> <span class='ocrx_word' id='word_1_122' title='bbox 1086 1750 1175 1835; x_wconf 93' lang='lat' dir='ltr'>optio</span> <span class='ocrx_word' id='word_1_123' title='bbox 1199 1749 1319 1816; x_wconf 87' lang='lat' dir='ltr'>discen·</span> 
     </span>
     <span class='ocr_line' id='line_1_17' title="bbox 176 1854 1320 1942; baseline -0.003 -18"><span class='ocrx_word' id='word_1_124' title='bbox 176 1859 260 1924; x_wconf 88' lang='lat' dir='ltr'>tium</span> <span class='ocrx_word' id='word_1_125' title='bbox 284 1863 318 1922; x_wconf 90' lang='lat' dir='ltr'>et</span> <span class='ocrx_word' id='word_1_126' title='bbox 339 1856 442 1921; x_wconf 91' lang='lat' dir='ltr'>libera</span> <span class='ocrx_word' id='word_1_127' title='bbox 464 1859 624 1940; x_wconf 90' lang='lat' dir='ltr'>potestas,</span> <span class='ocrx_word' id='word_1_128' title='bbox 648 1854 703 1919; x_wconf 92' lang='lat' dir='ltr'>sed</span> <span class='ocrx_word' id='word_1_129' title='bbox 727 1855 808 1941; x_wconf 83' lang='lat' dir='ltr'>legis</span> <span class='ocrx_word' id='word_1_130' title='bbox 832 1857 1009 1921; x_wconf 84' lang='lat' dir='ltr'>necessitas</span> <span class='ocrx_word' id='word_1_131' title='bbox 1032 1856 1155 1922; x_wconf 90' lang='lat' dir='ltr'>iubeat:</span> <span class='ocrx_word' id='word_1_132' title='bbox 1187 1880 1250 1942; x_wconf 91' lang='lat' dir='ltr'>quo</span> <span class='ocrx_word' id='word_1_133' title='bbox 1274 1859 1320 1922; x_wconf 92' lang='lat' dir='ltr'>in·</span> 
     </span>
     <span class='ocr_line' id='line_1_18' title="bbox 177 1962 1321 2048; baseline -0.003 -17"><span class='ocrx_word' id='word_1_134' title='bbox 177 1966 295 2031; x_wconf 88' lang='lat' dir='ltr'>stituto</span> <span class='ocrx_word' id='word_1_135' title='bbox 329 1963 411 2028; x_wconf 92' lang='lat' dir='ltr'>nihil</span> <span class='ocrx_word' id='word_1_136' title='bbox 443 1967 557 2027; x_wconf 90' lang='lat' dir='ltr'>nostra</span> <span class='ocrx_word' id='word_1_137' title='bbox 590 1962 751 2027; x_wconf 88' lang='lat' dir='ltr'>sententia</span> <span class='ocrx_word' id='word_1_138' title='bbox 784 1963 921 2047; x_wconf 85' lang='lat' dir='ltr'>cogitari</span> <span class='ocrx_word' id='word_1_139' title='bbox 958 1964 1169 2048; x_wconf 89' lang='lat' dir='ltr'>perniciosius</span> <span class='ocrx_word' id='word_1_140' title='bbox 1204 1967 1321 2047; x_wconf 87' lang='lat' dir='ltr'>potest.</span> 
     </span>
     <span class='ocr_line' id='line_1_19' title="bbox 176 2068 1320 2152; baseline -0.003 -15"><span class='ocrx_word' id='word_1_141' title='bbox 176 2071 302 2137; x_wconf 86' lang='lat' dir='ltr'>Verum</span> <span class='ocrx_word' id='word_1_142' title='bbox 324 2069 386 2135; x_wconf 89' lang='lat' dir='ltr'>hoc</span> <span class='ocrx_word' id='word_1_143' title='bbox 409 2072 446 2133; x_wconf 92' lang='lat' dir='ltr'>nt</span> <span class='ocrx_word' id='word_1_144' title='bbox 465 2069 608 2134; x_wconf 86' lang='lat' dir='ltr'>mittam:</span> <span class='ocrx_word' id='word_1_145' title='bbox 632 2090 726 2152; x_wconf 88' lang='lat' dir='ltr'>spero</span> <span class='ocrx_word' id='word_1_146' title='bbox 745 2069 832 2133; x_wconf 92' lang='lat' dir='ltr'>enim</span> <span class='ocrx_word' id='word_1_147' title='bbox 852 2068 920 2133; x_wconf 83' lang='lat' dir='ltr'>fore</span> <span class='ocrx_word' id='word_1_148' title='bbox 939 2074 976 2134; x_wconf 94' lang='lat' dir='ltr'>ut</span> <span class='ocrx_word' id='word_1_149' title='bbox 994 2071 1127 2136; x_wconf 90' lang='lat' dir='ltr'>abolitis</span> <span class='ocrx_word' id='word_1_150' title='bbox 1147 2074 1214 2134; x_wconf 89' lang='lat' dir='ltr'>tam</span> <span class='ocrx_word' id='word_1_151' title='bbox 1234 2069 1320 2135; x_wconf 91' lang='lat' dir='ltr'>dam·</span> 
     </span>
     <span class='ocr_line' id='line_1_20' title="bbox 176 2175 1321 2261; baseline -0.003 -17"><span class='ocrx_word' id='word_1_152' title='bbox 176 2179 269 2244; x_wconf 88' lang='lat' dir='ltr'>nosis</span> <span class='ocrx_word' id='word_1_153' title='bbox 289 2175 415 2261; x_wconf 82' lang='lat' dir='ltr'>legibus</span> <span class='ocrx_word' id='word_1_154' title='bbox 435 2175 610 2260; x_wconf 90' lang='lat' dir='ltr'>aliquando</span> <span class='ocrx_word' id='word_1_155' title='bbox 629 2175 669 2240; x_wconf 95' lang='lat' dir='ltr'>ad</span> <span class='ocrx_word' id='word_1_156' title='bbox 685 2182 793 2240; x_wconf 88' lang='lat' dir='ltr'>veram</span> <span class='ocrx_word' id='word_1_157' title='bbox 812 2175 1004 2260; x_wconf 86' lang='lat' dir='ltr'>plenamque</span> <span class='ocrx_word' id='word_1_158' title='bbox 1023 2176 1207 2241; x_wconf 87' lang='lat' dir='ltr'>libertatem</span> <span class='ocrx_word' id='word_1_159' title='bbox 1222 2176 1321 2240; x_wconf 89' lang='lat' dir='ltr'>etiam</span> 
     </span>
     <span class='ocr_line' id='line_1_21' title="bbox 177 2281 1322 2368; baseline -0.004 -18"><span class='ocrx_word' id='word_1_160' title='bbox 177 2287 212 2350; x_wconf 89' lang='lat' dir='ltr'>in</span> <span class='ocrx_word' id='word_1_161' title='bbox 235 2285 299 2349; x_wconf 92' lang='lat' dir='ltr'>hoc</span> <span class='ocrx_word' id='word_1_162' title='bbox 321 2303 439 2368; x_wconf 81' lang='lat' dir='ltr'>genere</span> <span class='ocrx_word' id='word_1_163' title='bbox 462 2282 688 2365; x_wconf 84' lang='lat' dir='ltr'>perveniamus</span> <span class='ocrx_word' id='word_1_164' title='bbox 708 2283 758 2345; x_wconf 91' lang='lat' dir='ltr'>vel</span> <span class='ocrx_word' id='word_1_165' title='bbox 781 2282 889 2366; x_wconf 89' lang='lat' dir='ltr'>potius</span> <span class='ocrx_word' id='word_1_166' title='bbox 914 2281 1093 2347; x_wconf 88' lang='lat' dir='ltr'>redeamus:</span> <span class='ocrx_word' id='word_1_167' title='bbox 1116 2283 1202 2347; x_wconf 91' lang='lat' dir='ltr'>idem</span> <span class='ocrx_word' id='word_1_168' title='bbox 1226 2281 1322 2347; x_wconf 80' lang='lat' dir='ltr'>facile</span> 
     </span>
     <span class='ocr_line' id='line_1_22' title="bbox 176 2389 1323 2476; baseline -0.003 -19"><span class='ocrx_word' id='word_1_169' title='bbox 176 2389 305 2476; x_wconf 81' lang='lat' dir='ltr'>largior</span> <span class='ocrx_word' id='word_1_170' title='bbox 326 2411 366 2453; x_wconf 90' lang='lat' dir='ltr'>ne</span> <span class='ocrx_word' id='word_1_171' title='bbox 391 2389 590 2474; x_wconf 90' lang='lat' dir='ltr'>sicquidem</span> <span class='ocrx_word' id='word_1_172' title='bbox 614 2389 810 2454; x_wconf 89' lang='lat' dir='ltr'>senescentis</span> <span class='ocrx_word' id='word_1_173' title='bbox 834 2393 868 2453; x_wconf 88' lang='lat' dir='ltr'>et</span> <span class='ocrx_word' id='word_1_174' title='bbox 892 2389 1124 2454; x_wconf 81' lang='lat' dir='ltr'>obsolescuntis</span> <span class='ocrx_word' id='word_1_175' title='bbox 1142 2390 1177 2453; x_wconf 92' lang='lat' dir='ltr'>in</span> <span class='ocrx_word' id='word_1_176' title='bbox 1196 2389 1323 2454; x_wconf 89' lang='lat' dir='ltr'>univer·</span> 
     </span>
     <span class='ocr_line' id='line_1_23' title="bbox 177 2495 1324 2563; baseline -0.002 0"><span class='ocrx_word' id='word_1_177' title='bbox 177 2497 334 2563; x_wconf 87' lang='lat' dir='ltr'>sitatibus</span> <span class='ocrx_word' id='word_1_178' title='bbox 366 2496 487 2560; x_wconf 88' lang='lat' dir='ltr'>nostris</span> <span class='ocrx_word' id='word_1_179' title='bbox 520 2496 572 2560; x_wconf 86' lang='lat' dir='ltr'>vel</span> <span class='ocrx_word' id='word_1_180' title='bbox 606 2496 761 2560; x_wconf 88' lang='lat' dir='ltr'>scientiae</span> <span class='ocrx_word' id='word_1_181' title='bbox 794 2496 844 2560; x_wconf 91' lang='lat' dir='ltr'>vel</span> <span class='ocrx_word' id='word_1_182' title='bbox 880 2495 1096 2560; x_wconf 85' lang='lat' dir='ltr'>institutionis</span> <span class='ocrx_word' id='word_1_183' title='bbox 1128 2495 1324 2561; x_wconf 88' lang='lat' dir='ltr'>detrimenta</span> 
     </span>
     <span class='ocr_line' id='line_1_24' title="bbox 178 2602 1324 2689; baseline -0.004 -18"><span class='ocrx_word' id='word_1_184' title='bbox 178 2606 260 2671; x_wconf 89' lang='lat' dir='ltr'>satis</span> <span class='ocrx_word' id='word_1_185' title='bbox 284 2603 326 2668; x_wconf 90' lang='lat' dir='ltr'>ab</span> <span class='ocrx_word' id='word_1_186' title='bbox 349 2603 438 2667; x_wconf 89' lang='lat' dir='ltr'>omni</span> <span class='ocrx_word' id='word_1_187' title='bbox 462 2606 564 2687; x_wconf 88' lang='lat' dir='ltr'>parte,</span> <span class='ocrx_word' id='word_1_188' title='bbox 587 2606 623 2666; x_wconf 94' lang='lat' dir='ltr'>ut</span> <span class='ocrx_word' id='word_1_189' title='bbox 647 2624 732 2666; x_wconf 91' lang='lat' dir='ltr'>nunc</span> <span class='ocrx_word' id='word_1_190' title='bbox 755 2623 807 2666; x_wconf 90' lang='lat' dir='ltr'>res</span> <span class='ocrx_word' id='word_1_191' title='bbox 828 2607 886 2685; x_wconf 90' lang='lat' dir='ltr'>est,</span> <span class='ocrx_word' id='word_1_192' title='bbox 910 2602 1120 2686; x_wconf 88' lang='lat' dir='ltr'>compensari,</span> <span class='ocrx_word' id='word_1_193' title='bbox 1143 2603 1239 2689; x_wconf 90' lang='lat' dir='ltr'>idque</span> <span class='ocrx_word' id='word_1_194' title='bbox 1258 2625 1324 2668; x_wconf 91' lang='lat' dir='ltr'>non</span> 
     </span>
     <span class='ocr_line' id='line_1_25' title="bbox 178 2707 1324 2793; baseline -0.006 -16"><span class='ocrx_word' id='word_1_195' title='bbox 178 2733 278 2777; x_wconf 90' lang='lat' dir='ltr'>unam</span> <span class='ocrx_word' id='word_1_196' title='bbox 306 2710 349 2775; x_wconf 94' lang='lat' dir='ltr'>ob</span> <span class='ocrx_word' id='word_1_197' title='bbox 377 2729 535 2774; x_wconf 86' lang='lat' dir='ltr'>caussam.</span> <span class='ocrx_word' id='word_1_198' title='bbox 580 2708 656 2774; x_wconf 85' lang='lat' dir='ltr'>Dixi</span> <span class='ocrx_word' id='word_1_199' title='bbox 685 2708 724 2773; x_wconf 91' lang='lat' dir='ltr'>de</span> <span class='ocrx_word' id='word_1_200' title='bbox 747 2709 929 2774; x_wconf 90' lang='lat' dir='ltr'>litterarum</span> <span class='ocrx_word' id='word_1_201' title='bbox 953 2710 1174 2793; x_wconf 88' lang='lat' dir='ltr'>incrementis,</span> <span class='ocrx_word' id='word_1_202' title='bbox 1207 2707 1324 2792; x_wconf 92' lang='lat' dir='ltr'>quibus</span> 
     </span>
     <span class='ocr_line' id='line_1_26' title="bbox 179 2815 1325 2902; baseline -0.003 -20"><span class='ocrx_word' id='word_1_203' title='bbox 179 2815 395 2902; x_wconf 87' lang='lat' dir='ltr'>exsequendis</span> <span class='ocrx_word' id='word_1_204' title='bbox 422 2837 486 2880; x_wconf 91' lang='lat' dir='ltr'>non</span> <span class='ocrx_word' id='word_1_205' title='bbox 514 2836 574 2900; x_wconf 90' lang='lat' dir='ltr'>par</span> <span class='ocrx_word' id='word_1_206' title='bbox 603 2816 646 2880; x_wconf 92' lang='lat' dir='ltr'>sit</span> <span class='ocrx_word' id='word_1_207' title='bbox 674 2816 875 2901; x_wconf 82' lang='lat' dir='ltr'>singulorum</span> <span class='ocrx_word' id='word_1_208' title='bbox 904 2817 1027 2881; x_wconf 85' lang='lat' dir='ltr'>indoles</span> <span class='ocrx_word' id='word_1_209' title='bbox 1055 2817 1155 2881; x_wconf 89' lang='lat' dir='ltr'>etiam</span> <span class='ocrx_word' id='word_1_210' title='bbox 1183 2837 1248 2881; x_wconf 92' lang='lat' dir='ltr'>non</span> <span class='ocrx_word' id='word_1_211' title='bbox 1272 2815 1325 2879; x_wconf 91' lang='lat' dir='ltr'>de·</span> 
     </span>
     <span class='ocr_line' id='line_1_27' title="bbox 180 2920 1326 3009; baseline -0.003 -20"><span class='ocrx_word' id='word_1_212' title='bbox 180 2922 341 2989; x_wconf 86' lang='lat' dir='ltr'>crescens:</span> <span class='ocrx_word' id='word_1_213' title='bbox 365 2920 471 2985; x_wconf 89' lang='lat' dir='ltr'>dicam</span> <span class='ocrx_word' id='word_1_214' title='bbox 495 2942 581 2987; x_wconf 91' lang='lat' dir='ltr'>nunc</span> <span class='ocrx_word' id='word_1_215' title='bbox 604 2922 642 2986; x_wconf 91' lang='lat' dir='ltr'>de</span> <span class='ocrx_word' id='word_1_216' title='bbox 661 2922 779 2987; x_wconf 90' lang='lat' dir='ltr'>indolis</span> <span class='ocrx_word' id='word_1_217' title='bbox 799 2923 1011 3009; x_wconf 90' lang='lat' dir='ltr'>decremento,</span> <span class='ocrx_word' id='word_1_218' title='bbox 1034 2945 1093 2989; x_wconf 89' lang='lat' dir='ltr'>nec</span> <span class='ocrx_word' id='word_1_219' title='bbox 1112 2922 1224 2989; x_wconf 88' lang='lat' dir='ltr'>celabo</span> <span class='ocrx_word' id='word_1_220' title='bbox 1244 2942 1326 3007; x_wconf 89' lang='lat' dir='ltr'>quae</span> 
     </span>
     <span class='ocr_line' id='line_1_28' title="bbox 180 3027 1326 3115; baseline -0.005 -19"><span class='ocrx_word' id='word_1_221' title='bbox 180 3052 253 3095; x_wconf 87' lang='lat' dir='ltr'>csse</span> <span class='ocrx_word' id='word_1_222' title='bbox 276 3049 353 3094; x_wconf 89' lang='lat' dir='ltr'>vera</span> <span class='ocrx_word' id='word_1_223' title='bbox 377 3027 613 3093; x_wconf 89' lang='lat' dir='ltr'>concedendum</span> <span class='ocrx_word' id='word_1_224' title='bbox 638 3030 695 3112; x_wconf 91' lang='lat' dir='ltr'>sit,</span> <span class='ocrx_word' id='word_1_225' title='bbox 717 3051 783 3095; x_wconf 90' lang='lat' dir='ltr'>non</span> <span class='ocrx_word' id='word_1_226' title='bbox 806 3029 954 3114; x_wconf 90' lang='lat' dir='ltr'>pudenda</span> <span class='ocrx_word' id='word_1_227' title='bbox 977 3034 1101 3115; x_wconf 89' lang='lat' dir='ltr'>tamen,</span> <span class='ocrx_word' id='word_1_228' title='bbox 1125 3030 1201 3114; x_wconf 91' lang='lat' dir='ltr'>quia</span> <span class='ocrx_word' id='word_1_229' title='bbox 1224 3029 1326 3113; x_wconf 87' lang='lat' dir='ltr'>ipsius</span> 
     </span>
     <span class='ocr_line' id='line_1_29' title="bbox 180 3135 1325 3225; baseline -0.004 -23"><span class='ocrx_word' id='word_1_230' title='bbox 180 3137 345 3202; x_wconf 88' lang='lat' dir='ltr'>humanae</span> <span class='ocrx_word' id='word_1_231' title='bbox 365 3138 502 3200; x_wconf 88' lang='lat' dir='ltr'>naturae</span> <span class='ocrx_word' id='word_1_232' title='bbox 525 3137 594 3199; x_wconf 89' lang='lat' dir='ltr'>sive</span> <span class='ocrx_word' id='word_1_233' title='bbox 617 3137 811 3202; x_wconf 89' lang='lat' dir='ltr'>necessitate</span> <span class='ocrx_word' id='word_1_234' title='bbox 834 3138 905 3201; x_wconf 87' lang='lat' dir='ltr'>sive</span> <span class='ocrx_word' id='word_1_235' title='bbox 927 3137 1008 3202; x_wconf 92' lang='lat' dir='ltr'>vitio</span> <span class='ocrx_word' id='word_1_236' title='bbox 1032 3138 1121 3201; x_wconf 89' lang='lat' dir='ltr'>fiunt.</span> <span class='ocrx_word' id='word_1_237' title='bbox 1154 3135 1223 3225; x_wconf 85' lang='lat' dir='ltr'>Nec</span> <span class='ocrx_word' id='word_1_238' title='bbox 1242 3135 1325 3198; x_wconf 87' lang='lat' dir='ltr'>cuim</span> 
     </span>
     <span class='ocr_line' id='line_1_30' title="bbox 181 3240 1327 3328; baseline -0.004 -19"><span class='ocrx_word' id='word_1_239' title='bbox 181 3245 284 3309; x_wconf 88' lang='lat' dir='ltr'>vires</span> <span class='ocrx_word' id='word_1_240' title='bbox 308 3246 435 3306; x_wconf 88' lang='lat' dir='ltr'>tantum</span> <span class='ocrx_word' id='word_1_241' title='bbox 459 3240 578 3305; x_wconf 90' lang='lat' dir='ltr'>mentis</span> <span class='ocrx_word' id='word_1_242' title='bbox 600 3242 635 3306; x_wconf 91' lang='lat' dir='ltr'>in</span> <span class='ocrx_word' id='word_1_243' title='bbox 658 3248 848 3308; x_wconf 87' lang='lat' dir='ltr'>senescente</span> <span class='ocrx_word' id='word_1_244' title='bbox 872 3264 1005 3328; x_wconf 89' lang='lat' dir='ltr'>corpore</span> <span class='ocrx_word' id='word_1_245' title='bbox 1029 3248 1248 3326; x_wconf 90' lang='lat' dir='ltr'>marcescunt,</span> <span class='ocrx_word' id='word_1_246' title='bbox 1272 3241 1327 3306; x_wconf 90' lang='lat' dir='ltr'>sed</span> 
     </span>
     <span class='ocr_line' id='line_1_31' title="bbox 182 3347 1328 3433; baseline -0.004 -17"><span class='ocrx_word' id='word_1_247' title='bbox 182 3351 215 3416; x_wconf 94' lang='lat' dir='ltr'>vi</span> <span class='ocrx_word' id='word_1_248' title='bbox 242 3347 486 3416; x_wconf 89' lang='lat' dir='ltr'>consuetudinis</span> <span class='ocrx_word' id='word_1_249' title='bbox 511 3348 660 3414; x_wconf 89' lang='lat' dir='ltr'>voluutas</span> <span class='ocrx_word' id='word_1_250' title='bbox 690 3371 817 3433; x_wconf 90' lang='lat' dir='ltr'>quoque</span> <span class='ocrx_word' id='word_1_251' title='bbox 847 3349 1030 3432; x_wconf 85' lang='lat' dir='ltr'>languescit</span> <span class='ocrx_word' id='word_1_252' title='bbox 1057 3354 1091 3413; x_wconf 89' lang='lat' dir='ltr'>et</span> <span class='ocrx_word' id='word_1_253' title='bbox 1121 3354 1210 3414; x_wconf 88' lang='lat' dir='ltr'>certa</span> <span class='ocrx_word' id='word_1_254' title='bbox 1233 3370 1328 3433; x_wconf 90' lang='lat' dir='ltr'>quae·</span> 
     </span>
     <span class='ocr_line' id='line_1_32' title="bbox 182 3454 1327 3540; baseline -0.004 -18"><span class='ocrx_word' id='word_1_255' title='bbox 182 3456 258 3522; x_wconf 91' lang='lat' dir='ltr'>dam</span> <span class='ocrx_word' id='word_1_256' title='bbox 288 3455 427 3522; x_wconf 89' lang='lat' dir='ltr'>facultas</span> <span class='ocrx_word' id='word_1_257' title='bbox 457 3476 556 3540; x_wconf 90' lang='lat' dir='ltr'>eaque</span> <span class='ocrx_word' id='word_1_258' title='bbox 587 3456 627 3520; x_wconf 72' lang='lat' dir='ltr'>orl</span> <span class='ocrx_word' id='word_1_259' title='bbox 659 3455 821 3519; x_wconf 85' lang='lat' dir='ltr'>fructuose</span> <span class='ocrx_word' id='word_1_260' title='bbox 850 3454 1028 3520; x_wconf 86' lang='lat' dir='ltr'>docendum</span> <span class='ocrx_word' id='word_1_261' title='bbox 1058 3455 1252 3540; x_wconf 82' lang='lat' dir='ltr'>gravissima</span> <span class='ocrx_word' id='word_1_262' title='bbox 1274 3454 1327 3518; x_wconf 92' lang='lat' dir='ltr'>be·</span> 
     </span>
     <span class='ocr_line' id='line_1_33' title="bbox 183 3559 1325 3647; baseline -0.005 -18"><span class='ocrx_word' id='word_1_263' title='bbox 183 3563 296 3629; x_wconf 88' lang='lat' dir='ltr'>bcscit</span> <span class='ocrx_word' id='word_1_264' title='bbox 341 3559 387 3624; x_wconf 79' lang='lat' dir='ltr'>Et</span> <span class='ocrx_word' id='word_1_265' title='bbox 409 3559 489 3625; x_wconf 88' lang='lat' dir='ltr'>haec</span> <span class='ocrx_word' id='word_1_266' title='bbox 512 3562 640 3646; x_wconf 91' lang='lat' dir='ltr'>quidem</span> <span class='ocrx_word' id='word_1_267' title='bbox 665 3561 804 3626; x_wconf 89' lang='lat' dir='ltr'>facultas</span> <span class='ocrx_word' id='word_1_268' title='bbox 828 3561 861 3625; x_wconf 89' lang='lat' dir='ltr'>in</span> <span class='ocrx_word' id='word_1_269' title='bbox 885 3582 923 3624; x_wconf 91' lang='lat' dir='ltr'>eo</span> <span class='ocrx_word' id='word_1_270' title='bbox 948 3562 1103 3643; x_wconf 91' lang='lat' dir='ltr'>cernitur,</span> <span class='ocrx_word' id='word_1_271' title='bbox 1131 3560 1216 3647; x_wconf 90' lang='lat' dir='ltr'>quod</span> <span class='ocrx_word' id='word_1_272' title='bbox 1224 3611 1232 3643; x_wconf 90' lang='lat'>,</span> <span class='ocrx_word' id='word_1_273' title='bbox 1261 3581 1325 3645; x_wconf 91' lang='lat' dir='ltr'>quo</span> 
     </span>
     <span class='ocr_line' id='line_1_34' title="bbox 125 3666 1377 3756; baseline -0.005 -22"><span class='ocrx_word' id='word_1_274' title='bbox 125 3739 128 3756; x_wconf 47' lang='lat'>,</span> <span class='ocrx_word' id='word_1_275' title='bbox 184 3669 402 3754; x_wconf 84' lang='lat' dir='ltr'>provectiores</span> <span class='ocrx_word' id='word_1_276' title='bbox 422 3669 530 3730; x_wconf 88' lang='lat' dir='ltr'>aetate</span> <span class='ocrx_word' id='word_1_277' title='bbox 550 3667 725 3732; x_wconf 89' lang='lat' dir='ltr'>iuventutis</span> <span class='ocrx_word' id='word_1_278' title='bbox 746 3667 892 3732; x_wconf 87' lang='lat' dir='ltr'>doctores</span> <span class='ocrx_word' id='word_1_279' title='bbox 913 3666 1090 3751; x_wconf 91' lang='lat' dir='ltr'>evadimus,</span> <span class='ocrx_word' id='word_1_280' title='bbox 1113 3689 1150 3731; x_wconf 92' lang='lat' dir='ltr'>eo</span> <span class='ocrx_word' id='word_1_281' title='bbox 1170 3667 1231 3731; x_wconf 91' lang='lat' dir='ltr'>etsi</span> <span class='ocrx_word' id='word_1_282' title='bbox 1251 3686 1330 3729; x_wconf 91' lang='lat' dir='ltr'>sane</span> <span class='ocrx_word' id='word_1_283' title='bbox 1344 3691 1377 3730; x_wconf 84' lang='lat' dir='ltr'>vr</span> 
     </span>
     <span class='ocr_line' id='line_1_35' title="bbox 184 3772 1330 3857; baseline -0.003 -18"><span class='ocrx_word' id='word_1_284' title='bbox 184 3772 378 3839; x_wconf 88' lang='lat' dir='ltr'>maturiores</span> <span class='ocrx_word' id='word_1_285' title='bbox 407 3773 607 3856; x_wconf 84' lang='lat' dir='ltr'>exsistimus,</span> <span class='ocrx_word' id='word_1_286' title='bbox 631 3773 726 3838; x_wconf 89' lang='lat' dir='ltr'>simul</span> <span class='ocrx_word' id='word_1_287' title='bbox 750 3777 859 3839; x_wconf 89' lang='lat' dir='ltr'>tamen</span> <span class='ocrx_word' id='word_1_288' title='bbox 881 3795 946 3838; x_wconf 91' lang='lat' dir='ltr'>non</span> <span class='ocrx_word' id='word_1_289' title='bbox 971 3795 1143 3857; x_wconf 88' lang='lat' dir='ltr'>possumus</span> <span class='ocrx_word' id='word_1_290' title='bbox 1166 3795 1230 3837; x_wconf 89' lang='lat' dir='ltr'>non</span> <span class='ocrx_word' id='word_1_291' title='bbox 1255 3772 1330 3836; x_wconf 91' lang='lat' dir='ltr'>alie·</span> 
     </span>
     <span class='ocr_line' id='line_1_36' title="bbox 184 3877 1330 3964; baseline -0.001 -21"><span class='ocrx_word' id='word_1_292' title='bbox 184 3880 294 3944; x_wconf 89' lang='lat' dir='ltr'>niores</span> <span class='ocrx_word' id='word_1_293' title='bbox 317 3877 358 3942; x_wconf 90' lang='lat' dir='ltr'>ab</span> <span class='ocrx_word' id='word_1_294' title='bbox 381 3878 453 3961; x_wconf 90' lang='lat' dir='ltr'>ipsa</span> <span class='ocrx_word' id='word_1_295' title='bbox 471 3878 578 3943; x_wconf 89' lang='lat' dir='ltr'>indole</span> <span class='ocrx_word' id='word_1_296' title='bbox 599 3880 778 3944; x_wconf 87' lang='lat' dir='ltr'>iuventutis</span> <span class='ocrx_word' id='word_1_297' title='bbox 801 3881 884 3944; x_wconf 87' lang='lat' dir='ltr'>lieri:</span> <span class='ocrx_word' id='word_1_298' title='bbox 908 3885 1105 3964; x_wconf 89' lang='lat' dir='ltr'>contraque</span> <span class='ocrx_word' id='word_1_299' title='bbox 1129 3880 1261 3964; x_wconf 91' lang='lat' dir='ltr'>propior</span> <span class='ocrx_word' id='word_1_300' title='bbox 1284 3879 1330 3943; x_wconf 90' lang='lat' dir='ltr'>iu·</span> 
     </span>
     <span class='ocr_line' id='line_1_37' title="bbox 185 3984 1330 4069; baseline -0.003 -19"><span class='ocrx_word' id='word_1_301' title='bbox 185 3984 287 4050; x_wconf 85' lang='lat' dir='ltr'>venili</span> <span class='ocrx_word' id='word_1_302' title='bbox 310 3988 425 4050; x_wconf 90' lang='lat' dir='ltr'>nostra</span> <span class='ocrx_word' id='word_1_303' title='bbox 448 3989 536 4050; x_wconf 89' lang='lat' dir='ltr'>aetas</span> <span class='ocrx_word' id='word_1_304' title='bbox 561 3989 619 4069; x_wconf 89' lang='lat' dir='ltr'>est,</span> <span class='ocrx_word' id='word_1_305' title='bbox 644 4008 681 4049; x_wconf 92' lang='lat' dir='ltr'>co</span> <span class='ocrx_word' id='word_1_306' title='bbox 701 3991 733 4049; x_wconf 92' lang='lat' dir='ltr'>et</span> <span class='ocrx_word' id='word_1_307' title='bbox 752 3985 878 4050; x_wconf 83' lang='lat' dir='ltr'>facilius</span> <span class='ocrx_word' id='word_1_308' title='bbox 898 3989 931 4049; x_wconf 90' lang='lat' dir='ltr'>et</span> <span class='ocrx_word' id='word_1_309' title='bbox 950 3987 1112 4051; x_wconf 84' lang='lat' dir='ltr'>efficacius</span> <span class='ocrx_word' id='word_1_310' title='bbox 1132 3985 1172 4049; x_wconf 89' lang='lat' dir='ltr'>ud</span> <span class='ocrx_word' id='word_1_311' title='bbox 1191 3985 1330 4049; x_wconf 89' lang='lat' dir='ltr'>iuvenile</span> 
     </span>
     <span class='ocr_line' id='line_1_38' title="bbox 186 4074 1331 4176; baseline -0.003 -19"><span class='ocrx_word' id='word_1_312' title='bbox 186 4074 336 4157; x_wconf 77' lang='lat' dir='ltr'>nostrum</span> <span class='ocrx_word' id='word_1_313' title='bbox 359 4092 527 4176; x_wconf 83' lang='lat' dir='ltr'>ingenium</span> <span class='ocrx_word' id='word_1_314' title='bbox 551 4092 832 4157; x_wconf 88' lang='lat' dir='ltr'>accommodamus</span> <span class='ocrx_word' id='word_1_315' title='bbox 856 4096 889 4155; x_wconf 91' lang='lat' dir='ltr'>et</span> <span class='ocrx_word' id='word_1_316' title='bbox 908 4095 1074 4175; x_wconf 89' lang='lat' dir='ltr'>tamquam</span> <span class='ocrx_word' id='word_1_317' title='bbox 1094 4092 1331 4174; x_wconf 88' lang='lat' dir='ltr'>assimulamus,</span> 
     </span>
    </p>
   </div>
   <div class='ocr_carea' id='block_1_3' title="bbox 185 4194 1332 4357">
    <p class='ocr_par' dir='ltr' id='par_1_3' title="bbox 185 4194 1332 4357">
     <span class='ocr_line' id='line_1_39' title="bbox 185 4194 1332 4285; baseline -0.004 -20"><span class='ocrx_word' id='word_1_318' title='bbox 185 4218 253 4285; x_wconf 77' lang='lat' dir='ltr'>qao</span> <span class='ocrx_word' id='word_1_319' title='bbox 274 4194 316 4263; x_wconf 77' lang='lat' dir='ltr'>fit</span> <span class='ocrx_word' id='word_1_320' title='bbox 335 4200 374 4263; x_wconf 86' lang='lat' dir='ltr'>ut</span> <span class='ocrx_word' id='word_1_321' title='bbox 395 4196 460 4285; x_wconf 85' lang='lat' dir='ltr'>ipsi</span> <span class='ocrx_word' id='word_1_322' title='bbox 482 4198 633 4263; x_wconf 89' lang='lat' dir='ltr'>iuvenum</span> <span class='ocrx_word' id='word_1_323' title='bbox 664 4198 762 4262; x_wconf 90' lang='lat' dir='ltr'>saluti</span> <span class='ocrx_word' id='word_1_324' title='bbox 786 4199 905 4263; x_wconf 87' lang='lat' dir='ltr'>rectius</span> <span class='ocrx_word' id='word_1_325' title='bbox 928 4199 1144 4263; x_wconf 90' lang='lat' dir='ltr'>consulamus.</span> <span class='ocrx_word' id='word_1_326' title='bbox 1192 4197 1332 4261; x_wconf 85' lang='lat' dir='ltr'>Invidio-</span> 
     </span>
     <span class='ocr_line' id='line_1_40' title="bbox 238 4308 1120 4357; baseline -0.002 0"><span class='ocrx_word' id='word_1_327' title='bbox 238 4318 282 4357; x_wconf 77' lang='grc'>11-</span> <span class='ocrx_word' id='word_1_328' title='bbox 301 4318 454 4344; x_wconf 57' lang='lat' dir='ltr'>num-m</span> <span class='ocrx_word' id='word_1_329' title='bbox 473 4318 612 4357; x_wconf 71' lang='lat' dir='ltr'>orracvaa</span> <span class='ocrx_word' id='word_1_330' title='bbox 632 4320 657 4355; x_wconf 86' lang='lat' dir='ltr'>v.</span> <span class='ocrx_word' id='word_1_331' title='bbox 1087 4308 1120 4355; x_wconf 81' lang='grc'>43</span> 
     </span>
    </p>
   </div>
   <div class='ocr_carea' id='block_1_4' title="bbox 0 0 1514 5032">
    <p class='ocr_par' dir='ltr' id='par_1_4' title="bbox 0 0 1514 5032">
     <span class='ocr_line' id='line_1_41' title="bbox 0 0 1514 5032; baseline 0 0"><span class='ocrx_word' id='word_1_332' title='bbox 0 0 1514 5032; x_wconf 95' lang='lat' dir='ltr'> </span> 
     </span>
    </p>
   </div>
  </div>
 </body>
</html>
