2926 5040
157 292 223 358 462
445 308 705 356 ceonuuonnur
730 308 777 355 nu
802 307 1011 356 errrournvs

10 480 144 520 rcxxrmr
159 455 336 520 substituto
368 453 445 518 cdtct
475 475 565 535 aquia.
595 489 636 500 -
668 452 785 518 Restat
821 457 857 517 ut
893 452 931 517 de
967 452 1317 536 hyperdieyllabis

158 567 341 647 quaeratur.
383 560 540 642 Quorum,
564 565 601 625 ut
624 559 764 624 breviter
787 559 902 644 dicam,
925 559 1066 623 similem
1091 559 1125 624 in
1151 560 1248 625 brevi
1270 561 1317 625 ul·

157 670 238 733 tima
262 673 428 734 accentum
453 691 491 732 ca
513 673 640 733 tanturn
664 672 864 751 receperunt,
887 689 969 752 quae
987 689 1054 732 non
1075 668 1317 751 paenultimam

158 780 295 859 tantum,
315 776 369 839 sed
389 776 487 839 etiam
508 775 818 858 antepaerrultimam
839 775 968 839 brevem
987 774 1160 840 haberent.
1196 775 1318 851 Quam·

159 905 254 967 quarn
279 905 299 945 a
318 882 491 948 trochaicis
515 882 644 967 quidem
670 882 834 947 vocabulis
859 882 971 947 eadem
995 882 1096 947 etiam
1120 883 1193 948 alio
1215 883 1319 967 ipsius

158 989 295 1053 rationis
323 988 507 1053 discrimine
537 989 668 1053 distant.
713 989 798 1054 Nam
823 989 851 1054 si
873 989 1014 1072 prdpritid
1041 993 1178 1073 praeter
1202 988 1320 1073 princi-

158 1095 266 1178 palem
291 1118 384 1159 euum
413 1096 447 1159 in
463 1116 524 1176 pro
553 1100 720 1160 accentum
749 1093 893 1180 (quando
921 1096 1007 1160 hunc
1031 1117 1103 1159 esse
1127 1094 1320 1180 legitimum

159 1225 258 1285 supra
277 1201 431 1285 diximus)
452 1203 589 1267 alterum
609 1203 710 1267 habet
729 1203 962 1285 secundarium,
981 1203 1057 1287 quid
1079 1203 1212 1286 patitur
1231 1202 1320 1267 aliud

160 1311 224 1373 nisi
251 1309 459 1394 quodetiam
482 1310 622 1373 uc'ndirtit
648 1314 681 1372 et
710 1308 841 1391 similia,
869 1330 951 1393 quae
980 1309 1057 1393 quia
1086 1310 1163 1392 ipso
1189 1310 1320 1375 ambitu

159 1438 217 1480 suo
242 1416 337 1480 unius
359 1418 450 1499 pedis
470 1438 654 1481 mensuram
674 1415 839 1498 excedunt,
862 1417 896 1479 in
915 1416 1063 1480 versibus
1082 1437 1155 1480 non
1176 1420 1320 1500 possunt

158 1545 224 1588 non
248 1524 357 1608 plures
381 1528 533 1588 accentus
562 1522 728 1606 recipere?
773 1520 887 1606 ltaque
914 1521 997 1586 nihil
1027 1522 1166 1587 molesti
1191 1526 1321 1588 ueteres

160 1631 194 1695 in
226 1631 278 1695 his
310 1635 483 1695 senserunt
514 1629 601 1694 Trin.
631 1630 705 1694 852.
742 1629 810 1695 Mil.
837 1629 883 1712 ΙΙ,
910 1630 945 1712 2,
973 1630 1002 1694 2.
1037 1628 1118 1714 [llI‚
1153 1634 1189 1714 1,
1221 1630 1318 1716 25*)]

159 1737 247 1801 Trin.
272 1738 352 1802 837:

249 1855 382 1944 llluricd
404 1880 502 1944 facies
526 1879 655 1943 uidetur
716 1931 1270 1945 .........

257 2005 403 2071 Viderih's
426 2005 576 2089 alienum,
601 2026 661 2089 ego
685 2010 797 2069 uestra
849 2056 1271 2071 .......

252 2104 391 2209 [tlbiccrd
410 2152 513 2214 neque
537 2131 570 2192 te
594 2129 710 2194 decora
780 2179 1126 2195 ......
1181 2178 1201 2196 ».
1263 2184 1269 2195 .
1280 2135 1290 2212 l

250 2255 356 2320 Ruere
386 2261 569 2337 antemnas,
602 2252 748 2318 scindere
778 2255 863 2319 uela:
896 2252 933 2318 ni
961 2277 1024 2338 pax
1052 2256 1204 2338 propitiet
1237 2258 1320 2323 foret

958 2383 1104 2464 praesto.

162 2524 247 2589 Nam
271 2525 355 2609 quod
378 2524 496 2588 horum
519 2524 634 2588 ultimo
658 2544 753 2587 versu
773 2526 916 2607 oxytona
933 2543 996 2586 vox
1015 2522 1050 2588 in
1071 2526 1221 2608 septimo
1240 2527 1316 2610 pede

162 2637 226 2696 est:
255 2632 469 2715 reputandum
498 2634 548 2695 est
571 2631 773 2696 octonarium
796 2652 881 2714 esse,
904 2630 990 2714 quod
1013 2651 1121 2715 genus
1147 2634 1315 2699 severiori·

162 2741 222 2804 bus
238 2739 492 2822 septenariorum
508 2739 636 2823 legibus
656 2739 767 2803 multis
786 2738 821 2802 in
839 2738 935 2802 rebus
955 2738 1101 2804 solutum
1123 2745 1190 2805 est:
1210 2763 1316 2827 quem·

163 2845 334 2910 admodum
362 2867 464 2928 parvo
487 2844 660 2908 intervallo
685 2846 726 2909 ab
755 2845 812 2909 illo
836 2845 961 2909 distans
985 2849 1182 2913 octonarius
1207 2873 1236 2913 v.
1256 2850 1314 2913 82?

163 2954 260 3017 etiam
281 2954 316 3015 in
335 2953 448 3035 quinto
468 2953 548 3036 pede
567 2952 667 3017 habet
683 2954 781 3033 resque
795 2955 883 3017 modo
901 2958 936 3016 ut
952 2953 1058 3017 uolui:
1082 2959 1188 3039 atque
1207 2963 1317 3021 neuter

163 3063 268 3124 itaut
292 3060 387 3124 binae
411 3059 523 3123 breves
543 3060 789 3143 subsequantur.
826 3058 932 3135 Quid?
956 3058 1042 3143 quod
1063 3062 1231 3127 tribrachi
1251 3062 1316 3147 qui·

163 3168 237 3231 dem
264 3167 369 3231 maior
397 3188 493 3248 quam
522 3166 666 3229 trochaei
694 3166 880 3229 volubilitas
907 3188 949 3228 ne
977 3166 1010 3229 in
1041 3170 1229 3252 septenarii
1253 3170 1315 3254 qui-

164 3276 236 3339 dem
261 3279 353 3338 sexto
377 3274 457 3356 pede
480 3272 646 3355 displicuit
667 3295 695 3336 v.
720 3273 797 3336 906:

30 3453 147 3492 mm
253 3414 375 3500 cepere
404 3416 501 3479 soleo.
552 3413 636 3490 Quid
665 3420 715 3478 est
743 3415 770 3478 ei
795 3415 849 3495 [ef.
873 3438 902 3498 p.
927 3416 1005 3496 364]
1030 3419 1181 3483 nomen?
1229 3420 1316 3497 Quod

803 3522 905 3603 edepol
927 3521 1055 3587 homini
1075 3528 1196 3608 probo.

165 3667 287 3732 Contra
312 3670 429 3743 autern,
455 3669 551 3747 atque
575 3665 607 3728 in
631 3664 698 3727 illis
721 3663 853 3747 factum,
875 3664 1011 3729 ultimae
1035 3666 1193 3749 syllabae
1218 3672 1315 3735 inten-

164 3775 285 3839 tionem
322 3795 394 3837 cum
431 3772 610 3854 dactylicae
648 3794 742 3836 voces
776 3772 825 3836 vel
859 3772 892 3835 in
925 3771 1091 3855 dactylum
1134 3776 1315 3842 desinentes

235 4022 261 4091 *J
281 4021 333 4091 [Cf.
352 4039 416 4078 ann.
435 4020 471 4094 ad
491 4020 563 4073 hunc
583 4020 620 4086 v.]
659 4019 713 4073 Sed
737 4019 860 4073 eiusdem
883 4019 996 4074 fabulae
1017 4020 1065 4088 ΙΙΙ,
1088 4029 1113 4090 1,
1136 4031 1171 4079 39
1198 4027 1317 4096 experior

163 4129 215 4166 uec
234 4110 412 4165 choriambus
432 4125 482 4162 nec
501 4125 591 4177 paeon
610 4107 716 4177 primus
735 4125 796 4162 esee
815 4110 921 4178 potest:

304 4217 354 4272 Pol
372 4216 401 4270 id
420 4215 532 4284 quidem
552 4215 680 4284 experior
698 4215 740 4270 ita
758 4231 818 4270 esee
856 4257 1315 4280 ...........

166 4326 219 4379 Vbi
239 4325 301 4378 vide
320 4342 385 4377 uum
406 4323 444 4377 sic
463 4322 607 4391 scripserit
625 4325 723 4392 poeta:

305 4428 860 4500 Pelidexperiorequidemitaeaee.
900 4473 905 4482 .
946 4477 951 4485 .
991 4475 998 4489 .
1038 4478 1044 4492 .
1084 4478 1090 4492 .
1132 4479 1139 4492 .
1178 4452 1187 4490 .·
1225 4480 1231 4492 .
1268 4479 1315 4493 ..
