2962 5032
475 254 556 301 VEl'l'
580 255 729 303 WERLBR
752 256 816 304 AlrS
840 256 982 306 DOCENT

301 395 406 449 Forsan
424 394 552 450 Acidalio
570 411 605 449 ne
627 395 680 449 sim
698 395 823 466 pollutus
842 413 937 453 amore

372 483 589 553 Blandioiesqne
607 484 686 554 alies,
703 486 793 541 lector
811 487 909 556 amice,
927 487 1029 543 times?

302 574 390 641 Hanc,
409 591 486 644 rogo,
505 573 658 630 sollicitam
677 578 753 630 tutus
772 575 939 646 depectere
958 592 1069 640 euram,

373 662 478 719 Disiioe
496 681 547 719 nec
566 681 649 720 sensu
667 681 861 721 commoverere
879 667 937 724 tuo.

302 753 379 808 Haec
398 752 595 823 Capteivorum
614 770 699 822 quam
717 755 817 823 cernis,
836 755 928 825 crede,
946 754 1084 827 fabella*)

371 842 437 898 Non
457 844 501 897 est
518 842 664 898 obscoenis
682 844 887 900 commaculata
905 845 988 912 locis3

303 931 358 986 Sed
377 931 461 987 deoor
479 935 508 987 et
526 931 660 1001 probitas,
678 932 767 988 virtus
786 948 933 1002 moresque
951 933 1047 1003 pudici

372 1020 521 1076 Materiam
538 1021 611 1078 libro
630 1022 799 1078 constituere
817 1040 877 1079 suo.

303 1114 395 1177 Quare
414 1109 437 1164 si
456 1109 548 1180 sapias
568 1111 760 1180 (nequeenim
779 1114 808 1166 te
826 1112 925 1168 fallere
943 1130 1022 1169 meus
1040 1116 1102 1183 est),

373 1200 453 1253 Hune
473 1199 571 1255 volvas
589 1200 702 1270 placida
721 1200 833 1256 sedulus
852 1201 911 1272 ipse
930 1219 1023 1258 manu.

509 1474 533 1522 7.
571 1468 638 1522 Aul
653 1468 803 1524 Plautus'
823 1467 954 1526 Casina

179 1578 248 1646 (llus
268 1574 398 1632 ‘Cassina
415 1574 509 1631 Plauti
528 1574 670 1629 mitissimi
689 1575 859 1631 electissima
877 1573 1021 1632 Comedia’
1042 1575 1164 1649 Leipzig,
1186 1576 1295 1636 Meloh.

462 1665 560 1719 Lotter
579 1669 657 1733 1513,
681 1664 811 1720 auidam
830 1665 988 1734 Titelblatt)

348 1788 461 1846 Dioolos
478 1790 683 1859 tetrastrophos
701 1789 760 1845 Viti
779 1789 906 1846 Vnerlori
924 1790 954 1845 in
973 1789 1125 1846 Gassinam.

372 1915 490 1971 Plautus
509 1914 645 1971 nectareis
662 1932 789 1986 promere
813 1915 940 1970 versibus

445 2005 549 2060 Doctus
567 2005 715 2074 Cecropios
734 2004 780 2060 vel
799 2004 896 2060 Latios
916 2004 997 2074 sales,

444 2094 532 2161 Quem
550 2093 649 2150 turbae
668 2094 766 2149 docilis
784 2094 936 2164 perpetuus
954 2108 1038 2147 sonus

444 2185 532 2239 Tollit
551 2184 628 2239 clara
645 2185 695 2239 sub
714 2184 842 2251 aethera,

376 2274 514 2344 Spargens
532 2274 562 2329 in
580 2273 672 2329 varios
691 2273 807 2328 flumina
824 2273 930 2329 rivulos

445 2363 587 2418 Musarum
606 2363 720 2419 modulo
740 2362 860 2417 dulciter
878 2380 977 2432 aspero

445 2452 588 2508 Cassinam
606 2451 725 2507 incinuit
742 2468 799 2507 non
816 2450 871 2506 nisi
890 2452 925 2505 ad
944 2451 1066 2522 optimos

443 2540 564 2596 Virtutis
582 2540 699 2595 tetricae
718 2539 827 2610 gradus.

375 2632 397 2685 Ο
417 2630 574 2700 quicunqne
593 2629 682 2700 cupis,
700 2629 789 2684 lector
807 2628 936 2697 amiculo,

444 2720 561 2775 Parnasi
579 2719 698 2790 placidis
717 2735 801 2789 saepe
820 2719 961 2774 sororibus

445 2810 499 2864 Vel
518 2809 631 2863 Phoebo
651 2807 783 2863 comitem
800 2810 829 2862 te
849 2807 931 2863 simul
951 2809 1063 2876 addere,

445 2900 525 2952 Hune
544 2900 575 2952 tu
593 2898 707 2968 perlege
727 2897 832 2953 sedulo.

665 3063 798 3071 --

462 3172 487 3220 8.
524 3165 591 3220 Auf
607 3165 758 3221 Plautus*
778 3164 989 3221 Cistellaria.

192 3275 259 3342 (Ans
280 3273 451 3329 ‘Cistellaria
470 3272 625 3328 Scitissima
644 3276 673 3328 et
691 3273 892 3328 iucundissima
910 3273 1004 3328 Plauti
1022 3272 1130 3328 fabula'
1151 3273 1277 3344 Leipzig,

408 3362 509 3418 Melch.
528 3361 625 3417 Lotter
645 3369 727 3433 1512,
746 3361 796 3418 auf
812 3361 876 3417 dem
895 3361 1054 3432 Titelblett)

373 3489 455 3544 Vitns
483 3488 633 3544 Vnerlerus
665 3488 701 3544 ad
728 3488 952 3558 philomnsaeam
978 3487 1089 3556 pubem.

321 3614 393 3667 Dum
412 3612 536 3668 celebrat
552 3612 646 3669 varios
664 3612 845 3667 memorando
865 3613 987 3667 carmine
1005 3613 1082 3667 lusus

373 3702 459 3757 Vates
478 3702 523 3757 cui
540 3700 656 3756 titulum
676 3701 789 3756 Sarsina
807 3701 891 3756 docta
910 3701 995 3771 dedit,

320 3792 408 3845 Huius
426 3793 486 3845 tam
504 3790 614 3860 lepidos
633 3790 725 3846 subito
743 3791 835 3846 fecere
854 3790 964 3846 libellos

372 3878 467 3950 Musa,
486 3879 582 3947 Fides,
601 3879 708 3948 Pallas,
729 3879 837 3949 Gratia,
857 3878 998 3947 Phoebus,
1018 3878 1112 3934 Honor

320 3970 357 4024 El
375 3969 463 4038 labor,
481 3968 637 4040 ingenium,
657 3969 769 4038 candor,
787 3968 932 4037 facundia,
952 3967 1032 4037 risus,

373 4060 410 4113 Et
428 4057 502 4114 nitor
520 4076 553 4114 ao
572 4057 627 4112 oris
647 4058 744 4128 lingua
762 4058 868 4113 diserta
887 4058 938 4127 sui,

320 4146 457 4217 Deliciae,
477 4147 580 4216 cultus,
600 4146 741 4216 sollercia,
761 4165 827 4202 cura
846 4147 982 4217 salesque,

241 4262 293 4269 ,ο

232 4313 258 4381 ¹⁸)
278 4309 347 4381 [Der
364 4307 426 4363 hier
444 4307 687 4363 wiederlrehrende
706 4308 886 4379 prosodische
905 4307 1048 4365 Schnitser
1064 4302 1168 4376 sitella
1185 4305 1232 4373 ist,
1253 4304 1305 4361 wie

162 4420 192 4462 es
210 4399 327 4466 schsint,
345 4397 514 4469 uncorrigirt
531 4397 687 4470 geblieben.
724 4397 753 4452 Ο.
774 4397 829 4469 W.]
