2962 5032
163 320 226 383 716
389 336 622 384 nnrmnrsonn
645 323 867 403 nuscuntur,
890 336 1086 403 iurasses,

345 480 517 544 Tantunrst.
562 480 668 558 wlete,
690 480 847 544 tenerem
866 481 962 562 uerita
983 484 1013 544 et
1034 479 1145 544 vincite

349 587 467 652 Virtute
488 609 573 667 vera,
595 589 677 669 qarod
695 587 810 668 [aista
831 586 986 652 autidtue.

296 908 330 990 d)
358 907 412 972 Im
436 907 677 974 Prooemium
706 909 769 973 des
793 907 1059 974 Sommersem.
1084 907 1170 972 1842

397 1032 449 1117 (de
472 1038 568 1115 porta
591 1031 692 1098 Metia
715 1056 745 1117 q.
768 1034 790 1097 f.
813 1032 903 1097 urbis
927 1030 1072 1117 Romae).

250 1172 281 1236 N
284 1196 344 1239 ovo
369 1175 514 1258 exemplo
537 1197 596 1240 neo
619 1176 752 1261 cognitu
782 1180 819 1241 ut
841 1175 1037 1241 arbitramur
1061 1173 1232 1239 iniucundo
1321 1165 1354 1231 in·

162 1279 346 1363 tellexistis‚
375 1281 459 1346 aives
483 1282 656 1366 carissimi,
685 1282 845 1367 quamsit
867 1303 935 1347 non
959 1280 1055 1345 modo
1079 1281 1113 1345 in
1135 1281 1298 1345 homin.
1316 1295 1354 1340 un

163 1385 231 1449 vita
254 1388 425 1472 communi,
449 1388 504 1452 sed
528 1390 562 1453 in
581 1389 699 1454 litteris
720 1410 846 1473 quoque
866 1392 900 1452 et
917 1388 1137 1472 periculosum
1156 1395 1189 1452 et
1207 1410 1242 1452 sa
1255 1401 1352 1466 Apo

162 1492 380 1574 perniciosum
404 1495 621 1578 exaedificare,
643 1516 725 1579 quae
749 1516 814 1558 non
838 1494 905 1558 sint
928 1493 1042 1559 solidis
1066 1499 1100 1560 et
1119 1495 1207 1559 omni
1226 1509 1347 1560 own

163 1599 361 1678 confirmatis
399 1600 617 1665 fundamentis
661 1605 891 1685 superstructa.
950 1599 1021 1665 Hoe
1059 1601 1160 1685 igitur
1197 1600 1342 1666 curate

163 1709 291 1788 praeter
313 1710 429 1791 cetera,
453 1707 507 1792 qui
531 1707 686 1772 inservire
710 1705 883 1789 aliquando
909 1707 976 1771 sive
996 1706 1081 1770 vitae
1100 1707 1216 1772 usibus
1239 1701 1339 1771 sire

164 1812 257 1875 bonis
286 1812 407 1877 litteris
436 1815 567 1898 cupitis,
600 1819 636 1878 ut
662 1814 757 1878 firma
785 1834 869 1877 nune
896 1812 1110 1878 fundamenta
1141 1814 1339 1879 doetrinae

164 1918 300 1983 iacietis.
354 1918 453 1985 Cuius
487 1921 614 1986 consilii
647 1920 789 1984 effectrix
821 1922 931 1984 vestra
962 1919 1110 2003 ipsorum
1144 1919 1345 1986 contentio

163 2025 235 2108 erit,
259 2025 399 2090 adiutrix
423 2031 532 2092 sutem
556 2049 665 2092 earum
689 2027 873 2092 scholarum
897 2027 1000 2110 eopia,
1024 2048 1105 2110 quas
1125 2028 1160 2090 in
1180 2024 1352 2113 quoqu&

165 2151 284 2216 genere
307 2132 391 2197 inira
414 2133 599 2217 propositas
624 2132 761 2198 habetis.
807 2132 930 2208 Quibus
953 2133 1001 2197 ita
1024 2132 1165 2216 utimini,
1188 2138 1225 2198 ut
1247 2117 1363 2217 pars

163 2237 236 2302 inde
260 2239 299 2303 ad
323 2262 382 2304 nos
407 2240 559 2323 voluptas
583 2245 680 2324 atque
704 2239 744 2304 sd
768 2262 825 2304 vos
845 2240 971 2304 utilitas
992 2237 1159 2304 redundet
1183 2239 1293 2307 Valete.
1374 2241 1380 2250 ’

305 2558 336 2645 e)
360 2560 414 2624 lm
439 2560 679 2626 Prooemium
703 2560 768 2623 des
793 2559 1055 2625 Sommersem.
1081 2561 1167 2624 1843

452 2683 504 2768 (de
529 2689 619 2748 actae
645 2684 827 2748 Trinummi
850 2682 1020 2770 tempore).

254 2828 315 2891 aed
338 2828 415 2892 sutis
437 2827 679 2892 historiarmust:
712 2832 815 2892 restat
844 2828 930 2891 eninr
954 2833 991 2891 ut
1014 2829 1121 2910 vobis,
1149 2828 1302 2890 carissimi

164 2935 415 3016 commilitones,
446 2939 634 3017 vestraeque
659 2933 837 2997 industriae
861 2956 971 2997 earum
996 2935 1182 2998 scholarum
1208 2934 1304 2998 rario-

164 3045 264 3104 tutem
289 3041 558 3123 commendemus
582 3064 662 3124 quas
685 3040 772 3104 infra
796 3044 828 3103 et
851 3040 986 3123 largiter
1010 3041 1196 3123 propositas
1222 3041 1303 3103 vide-

165 3149 207 3210 tis
237 3153 269 3209 et
298 3168 453 3210 novorum
484 3148 651 3211 nominum
680 3147 935 3211 clarissimorum
964 3147 1147 3211 accessione
1180 3147 1304 3210 liberali

165 3254 273 3317 Rarus
311 3252 560 3318 Avavsrrssrnl
595 3253 749 3317 beneficio
789 3252 961 3335 insigniter
993 3252 1237 3318 condecoratas:
1275 3254 1304 3316 in

165 3360 274 3442 aisque
299 3377 376 3424 Erus
401 3359 573 3443 norninff)
598 3360 666 3442 qui,
691 3360 852 3423 masculae
876 3358 1005 3423 virtutis
1030 3359 1231 3425 luculentum
1257 3383 1303 3425 ex·

165 3465 320 3550 emplum,
348 3489 412 3530 non
436 3467 510 3530 huie
535 3472 662 3530 tantum
688 3467 892 3531 universitati
916 3472 1109 3552 nostraeque
1134 3470 1222 3551 urbi,
1251 3469 1304 3533 sed

164 3573 330 3638 universae
356 3573 545 3637 tjtermuniuo
570 3571 727 3656 singulari
752 3571 858 3636 decori
883 3577 1051 3656 astatque
1077 3574 1248 3657 voluptati.

293 3894 322 3976 f)
348 3892 400 3956 lnr
425 3893 667 3959 Prooemium
691 3894 754 3957 des
780 3892 1026 3958 Wintarsem.
1054 3895 1178 3974 181331

214 4017 432 4103 (quaestiones
457 4018 736 4101 onomatologioae
760 4014 930 4100 comioae);
956 4016 1263 4100 Auiangsworte.

254 4160 331 4224 Sero
356 4161 511 4244 accipitis,
536 4164 571 4223 ut
594 4160 782 4242 consuestis,
807 4159 989 4225 scholarum
1015 4159 1136 4223 indices
1160 4161 1302 4245 proximo

166 4268 314 4330 semestri
338 4267 445 4348 spatio
469 4266 699 4350 habendarum,
724 4290 804 4350 quas
828 4267 1003 4350 plurimum
1023 4271 1133 4330 vestra
1152 4267 1303 4331 interesse

250 4442 275 4508 *)
297 4442 338 4511 [F.
359 4442 386 4496 C.
408 4441 589 4512 Dammana]
