2962 5032
660 352 814 401 murno.
1242 334 1304 400 761

165 518 350 582 expromere
379 519 477 581 quam
510 497 629 562 iustam
664 497 967 562 commentationem
1003 518 1180 580 nexamque
1207 497 1305 561 ratio·

164 604 291 670 einandi
310 604 554 669 continuitatem
578 604 679 668 edere.
714 604 829 689 Itaque
852 626 890 669 ex
912 605 986 688 ipsa
1009 603 1065 668 illa
1087 603 1199 667 fabula
1212 603 1306 667 Plau-

166 713 236 777 tina
259 734 330 775 eam
350 713 478 796 partem
497 710 610 796 delegi,
634 734 698 796 qua
717 711 843 776 cantica
865 711 1074 777 continentur
1096 709 1192 774 initio
1216 714 1307 774 actus

163 820 195 884 ll
213 818 335 902 posita:
354 838 491 901 quorum
509 821 546 881 ut
564 818 764 883 canticorum
779 818 922 883 omnium
942 821 975 882 et
993 816 1185 883 difficillima
1199 839 1305 882 emen-

164 926 251 991 datio
275 928 325 989 est
349 927 382 988 et
403 922 643 988 dubitationum
672 924 871 1008 plenissima.
917 924 1078 1001 Quoniam
1101 928 1209 988 antem
1233 947 1305 990 cum

164 1032 344 1098 emendatio
373 1030 477 1096 omnis
505 1052 544 1095 ex
572 1032 777 1116 antiquorum
805 1032 867 1097 fide
894 1033 1052 1098 librorum
1076 1053 1150 1096 mss.
1179 1032 1306 1116 pendet,

163 1144 233 1203 tum
252 1138 293 1202 ad
316 1137 430 1202 horum
455 1139 488 1201 et
507 1138 671 1222 propriam
695 1138 835 1203 indolem
860 1137 1095 1203 aestimandam
1120 1141 1153 1203 et
1176 1143 1305 1203 mutuas

164 1248 308 1312 rationes
349 1242 590 1326 perspiciendas
631 1244 703 1327 ipsa
745 1245 872 1309 cantica
912 1244 1071 1329 imprimis
1104 1248 1182 1327 apta
1218 1248 1307 1309 sunt:

164 1374 332 1419 scenarum
359 1349 502 1433 illarum,
531 1350 644 1434 quales
672 1350 705 1414 in
734 1350 866 1434 optimis
895 1349 1057 1416 codicibus
1086 1349 1227 1433 scriptae
1254 1374 1307 1434 ap·
1395 1358 1400 1365 '

165 1463 293 1544 parent,
327 1457 456 1541 integra
490 1456 637 1541 exempla
668 1460 795 1521 exstare
827 1457 915 1522 volui
952 1462 1074 1542 quanta
1105 1481 1147 1543 po
1164 1458 1213 1523 uit
1245 1458 1307 1522 fide

163 1567 414 1651 repraesentata.
450 1562 624 1627 Nemeum
639 1563 673 1626 in
686 1563 837 1628 liberiore
857 1586 974 1650 genere
994 1569 1171 1630 metrorum
1196 1566 1308 1648 sciant,

163 1675 218 1760 qui
240 1675 357 1738 horum
379 1693 473 1734 usum
497 1670 633 1754 habent,
661 1671 823 1735 cardinem
852 1671 898 1735 rei
922 1672 956 1735 in
980 1693 1017 1736 eo
1041 1673 1125 1736 verti
1149 1676 1197 1756 ut,
1226 1694 1307 1757 quae

164 1778 465 1865 distinguendorum
494 1778 579 1842 inter
607 1799 641 1842 se
669 1799 819 1843 versuum
845 1778 930 1843 ratio
959 1778 1015 1862 sit,
1049 1778 1175 1843 curiose
1199 1779 1307 1843 ohser-

163 1890 266 1950 vetur:
293 1885 388 1950 facile
416 1884 617 1968 intellegitur
644 1883 707 1950 hoc
735 1885 805 1949 sola
833 1884 1042 1949 annotatione
1073 1906 1136 1949 non
1161 1885 1307 1968 potuisse

164 1993 230 2057 ullo
254 1991 350 2056 modo
374 1992 470 2076 quale
493 1993 578 2056 esset
602 1991 683 2055 satis
707 1992 757 2055 vel
781 1991 875 2076 plene
898 1991 949 2055 vel
973 1992 1068 2076 plane
1092 1990 1279 2075 significari.

736 2228 770 2234 .-
775 2228 842 2236 .—--

603 2332 751 2449 ’5.

165 2528 344 2593 Vorwort
364 2551 407 2593 zu
426 2527 507 2591 dem
525 2527 750 2610 Programm
769 2524 950 2592 ‘Canticum
965 2527 1120 2592 Pseuduli
1136 2527 1307 2594 Plautinae

550 2631 766 2697 emendatum'
791 2630 916 2719 (1850).

254 2775 484 2861 Exemplorum
503 2798 575 2841 oum
599 2775 717 2860 duplex
740 2776 789 2840 vis
813 2777 870 2859 sit,
894 2781 951 2842 aut
974 2780 1011 2841 ut
1033 2778 1243 2843 adhortentur
1267 2779 1306 2844 ad

164 2883 357 2949 imitandum
380 2886 437 2948 aut
459 2888 496 2948 ut
518 2883 746 2968 dehortentur,
769 2906 833 2948 uon
854 2883 999 2969 profecto
1020 2907 1036 2948 e
1059 2885 1167 2969 priore
1191 2906 1308 2970 genere

164 2991 302 3076 petitum
335 2994 385 3055 est
416 2991 503 3076 quod
534 2991 620 3055 infra
650 2992 892 3076 proposuimus,
927 2991 981 3055 sed
1009 2992 1093 3055 idem
1121 2995 1232 3057 tamen
1259 2993 1307 3057 ita

165 3102 402 3183 comparatum,
429 3101 465 3162 ut
491 3099 526 3162 in
554 3097 625 3181 ipsa
659 3120 786 3161 morum
820 3097 964 3183 nequitia
992 3097 1160 3163 mirificam
1187 3099 1307 3164 habeat

167 3205 209 3268 ab
225 3208 293 3269 arte
308 3205 436 3289 poetica
455 3203 776 3269 commendationem.
817 3203 937 3270 Verum
953 3204 1034 3271 haec
1058 3228 1110 3270 ars
1133 3208 1247 3290 poetae
1270 3209 1308 3270 ut

165 3333 248 3396 quae
271 3310 441 3394 qualisque
465 3310 521 3393 sit,
550 3313 583 3374 et
605 3306 732 3393 plenius'
755 3313 787 3374 et
809 3311 929 3375 rectius
953 3334 1051 3396 quam
1074 3312 1178 3377 adhuc
1200 3312 1308 3395 potuit

164 3420 387 3503 pernoscatur,
415 3438 497 3502 opus
525 3438 595 3481 esse
619 3417 776 3502 philologi
805 3421 873 3482 arte
896 3418 1106 3503 intellegetis,
1135 3417 1189 3481 ubi
1212 3417 1307 3482 Plau-

164 3524 252 3589 tinae
276 3546 373 3608 quam
400 3524 494 3589 vobis
517 3523 704 3589 exhibemus
732 3545 846 3588 scenae
869 3545 940 3588 eam
964 3525 1116 3610 speciem,
1146 3546 1227 3607 quae
1250 3545 1308 3606 per

165 3631 367 3696 saeculorum
396 3630 572 3695 intervalla
600 3631 639 3695 ad
667 3633 812 3694 nostram
837 3634 976 3695 aetatem
1000 3630 1131 3714 prodita
1154 3639 1211 3711 est,
1234 3653 1307 3695 cum

165 3759 250 3801 nova
276 3737 381 3801 forma
409 3735 674 3823 comparaveritis
704 3757 799 3820 quam
823 3735 881 3800 illa
903 3737 990 3801 iusta
1013 3736 1235 3802 emendatione
1259 3738 1306 3802 in-

167 3842 243 3907 duit.
290 3843 450 3908 Versatur
479 3847 585 3907 autem
615 3863 653 3906 ea
682 3842 715 3905 in
742 3841 920 3907 Psnvnvm
949 3845 1034 3907 servi
1063 3865 1221 3926 sermone,
1252 3845 1307 3927 qni

166 3950 294 4015 fabulae
323 3971 419 4015 scena
441 3948 641 4033 paenultima
664 3948 860 4013 continetur:
889 3950 939 4013 cui
968 3953 1001 4013 et
1027 3949 1197 4014 verborum
1226 3951 1306 4015 inte·

166 4057 268 4141 gritas
297 4061 330 4121 et
358 4057 481 4122 sanitas
510 4055 744 4121 sententiarum
773 4060 805 4120 et
838 4078 1043 4121 numerorum
1072 4058 1234 4140 elegantia
1262 4058 1308 4121 sic

168 4162 230 4226 nisi
253 4163 399 4227 fallimur
420 4184 485 4227 non
507 4162 768 4245 improbabiliter
791 4162 981 4226 restituitur.
