2962 5032
508 339 771 389 unmrufflours
796 339 1002 389 curvamus.
1256 326 1321 391 293

165 484 265 551 Jlam
289 505 363 549 cum
386 482 473 565 haud
496 505 580 568 raro,
602 483 693 548 nulla
715 485 827 548 tamen
851 483 885 547 in
907 483 970 549 hoc
994 505 1112 569 genere
1131 486 1325 571 constantia,

172 592 332 657 bifariam
355 591 475 657 divisas
499 591 636 678 paginas
660 591 788 674 habeat,
812 612 941 655 rursum
965 594 1074 656 autem
1098 592 1133 657 in
1151 593 1203 658 his
1221 593 1323 659 incre·

179 698 272 764 dibili
302 699 523 765 inconstantia
552 698 713 783 duplicem
745 697 1038 763 continuandorum
1069 722 1220 766 versuum
1243 700 1324 766 ordi·

179 828 265 871 nem:
298 806 385 892 quod
417 806 512 890 quale
545 806 589 871 sit
621 806 817 890 explicatum
850 810 900 871 cst
932 805 1099 893 Parergon
1128 830 1158 892 p.
1181 809 1247 874 488
1263 830 1324 892 sq.:

183 918 249 978 tum
280 913 361 979 alias
391 914 427 978 in
457 914 530 979 aliis
560 914 707 998 partibus
738 935 853 978 manus
884 916 1020 996 apparet·
1042 914 1154 979 eodem
1177 918 1323 999 tempore

182 1020 227 1086 ita
250 1025 424 1105 occupatas
447 1021 557 1104 fuisse,
581 1023 618 1085 ut
642 1043 661 1084 a
684 1019 822 1104 singulis
846 1018 999 1104 librariis,
1022 1021 1190 1085 monachis
1210 1022 1324 1106 opinor

183 1128 327 1193 coenobii
360 1129 496 1194 alicuius
525 1127 707 1193 Germanici
741 1128 852 1211 eisquc
885 1125 977 1190 valde
1010 1126 1162 1212 indoctis,
1195 1129 1324 1215 singula

180 1255 279 1317 pensa
303 1235 547 1299 conficerentur.
593 1233 664 1310 Quo
692 1233 815 1298 factum
844 1237 894 1298 est
920 1239 958 1300 ut
986 1239 1020 1299 et
1043 1234 1246 1320 quarundam
1270 1259 1323 1321 pa·

181 1340 329 1425 g‘narum
351 1344 460 1426 partes
492 1344 587 1426 atque
616 1340 696 1406 adeo
720 1340 879 1426 quaedam
901 1341 1041 1426 paginae
1063 1341 1209 1427 integrae
1231 1366 1324 1427 pror-

181 1469 232 1512 sus
255 1470 378 1514 vacuae
401 1447 534 1513 relictae
558 1447 640 1531 sint,
668 1451 701 1511 ct
724 1438 919 1530 quibusdam
942 1447 978 1511 in
1000 1448 1081 1515 locis
1105 1449 1211 1515 iustae
1234 1473 1322 1515 men·

182 1577 273 1621 surae
297 1555 573 1641 quaternionibus,
596 1558 634 1619 ut
656 1554 711 1639 qui
732 1575 812 1639 quas
832 1554 985 1620 deberent
1002 1554 1112 1621 Plauti
1131 1560 1238 1640 partes
1256 1580 1322 1624 non

182 1667 344 1748 caperent,
377 1685 480 1728 novae
509 1663 717 1728 membranae
745 1660 952 1745 postmodum
977 1662 1166 1729 inserendae
1189 1665 1322 1730 fuerint:

182 1790 314 1854 quarum
337 1791 445 1836 rerum
468 1771 616 1854 exempla
629 1769 793 1834 Poenulus
816 1768 1024 1852 potissimum
1048 1773 1080 1835 et
1094 1771 1194 1837 Persa
1217 1776 1322 1838 osten·
1433 1784 1437 1789 '

180 1873 262 1968 dunt
310 1875 457 1942 Indidem
485 1877 565 1942 illud
594 1876 817 1962 explicandum
846 1876 946 1961 quod,
978 1900 1050 1943 cum
1073 1879 1245 1963 pleraeque
1268 1902 1322 1964 pa-

177 1986 269 2066 ginae
303 1984 454 2049 binorum
482 1988 515 2050 et
543 1983 842 2070 quinquagenorum
871 2005 1021 2049 versuum
1045 1986 1125 2071 sint,
1156 1989 1266 2051 tamen
1288 1987 1322 2051 in

177 2092 249 2158 aliis
273 2092 304 2157 is
327 2113 480 2156 numerus
504 2090 545 2156 ad
568 2108 629 2155 arv
653 2093 766 2155 auctus
790 2093 856 2174 est,
885 2090 919 2154 in
942 2091 1015 2155 aliis
1039 2114 1096 2176 per
1119 2093 1226 2158 varios
1250 2114 1323 2179 gra·

172 2197 234 2266 dus
265 2200 315 2264 ita
342 2198 547 2281 imminutus,
579 2201 615 2261 ut
643 2199 770 2261 exstent
796 2196 831 2259 in
859 2197 975 2281 quibus
997 2204 1131 2284 propter
1154 2200 1321 2265 insolitam

166 2301 359 2372 litterarum
387 2302 607 2403 granditatem
629 2321 742 2368 xxxrv
765 2306 892 2367 tantum
916 2304 1030 2390 scripti
1053 2306 1126 2371 sint
1170 2303 1321 2372 Ceterum

166 2409 264 2478 hunc
292 2411 433 2476 codicem
458 2411 623 2476 sciendum
647 2414 697 2476 est
719 2410 888 2475 Plautinas
911 2410 1040 2477 fabulas
1063 2411 1123 2477 XX
1147 2435 1259 2479 omncs
1282 2436 1320 2480 eo

163 2519 228 2605 qui
260 2517 413 2603 vulgatur
440 2518 553 2584 ordine
582 2517 754 2602 complecti
782 2541 846 2582 una
874 2539 946 2582 cunr
968 2518 1245 2586 VIDVLARIAE
1273 2521 1320 2586 in-

164 2627 352 2711 scriptione
380 2624 577 2692 Truculento
611 2625 770 2709 subiecta,
802 2624 1015 2710 praemissam
1047 2632 1155 2692 autem
1185 2628 1319 2712 Amphi·
1333 2648 1414 2690 xxix

167 2734 291 2800 truoni
322 2756 342 2798 a
373 2732 429 2799 fol.
457 2733 501 2798 lb
534 2732 574 2797 ad
607 2733 658 2797 9u
690 2730 941 2809 QVEROLVM.
987 2731 1113 2798 Harum
1136 2733 1321 2800 fabularum

167 2839 256 2906 XXI
279 2840 420 2906 indicem
442 2841 549 2926 prima
570 2840 693 2924 pagina
715 2843 805 2903 tenet
827 2837 878 2903 his
902 2839 1008 2904 verbis
1032 2841 1232 2924 praemissis:
1266 2841 1320 2908 ‘In

168 2946 237 3013 hoc
269 2947 434 3012 uolumine
467 2947 673 3013 continentur
706 2946 868 3012 comediae
900 2947 1003 3031 plauti
1035 2969 1168 3013 numero
1200 2948 1321 3035 XXII',

171 3055 272 3120 unius
297 3058 405 3119 autern
428 3075 540 3119 versus
564 3055 669 3138 spatio
694 3054 808 3119 relicto
832 3055 925 3119 iuterv
939 3054 1099 3138 Epiduus
1114 3059 1147 3120 ct
1168 3056 1329 3140 Baobides

172 3161 318 3226 nomina
347 3159 440 3236 Quod
463 3182 527 3245 quo
552 3164 676 3245 spectet
697 3160 772 3224 inde
795 3160 1005 3246 intellegitur,
1028 3162 1113 3248 quod
1135 3185 1263 3229 rursum
1285 3165 1320 3230 in

177 3292 217 3335 ea
238 3268 371 3353 pagina,
393 3267 429 3331 in
452 3289 515 3352 qua
537 3266 651 3351 incipit
665 3265 880 3352 Amphitruo,
904 3289 987 3352 quae
1011 3274 1061 3332 est
1082 3269 1138 3335 fol.
1161 3271 1219 3356 9b,
1241 3271 1320 3336 haec

176 3377 344 3461 legimtur:
368 3373 423 3439 ‘ln
446 3375 508 3440 hoc
531 3374 698 3439 uolumine
721 3374 928 3439 continentur
951 3376 1112 3441 comediae
1136 3378 1239 3461 plauti
1262 3400 1320 3443 nu·

176 3504 282 3548 mero.
297 3532 304 3546 .
320 3531 327 3546 .
342 3479 368 3545 .'
400 3479 543 3565 (erasum
575 3486 626 3547 ost
654 3481 761 3566 VIII)
795 3503 867 3546 cum
899 3481 1004 3547 indice
1037 3486 1110 3547 octo
1138 3482 1320 3548 fabularum

176 3590 322 3675 priorum
345 3609 431 3653 nunc
454 3610 585 3672 prorsus
609 3610 710 3653 eraso.
757 3589 905 3672 Apparet
928 3588 1034 3671 igitur
1051 3587 1092 3653 ab
1115 3589 1209 3654 initio
1234 3610 1320 3654 seor-

178 3719 249 3761 sum
273 3695 405 3779 scriptis
430 3699 502 3760 octo
526 3695 690 3779 prioribus
713 3699 828 3779 postca
851 3694 981 3759 demum
1005 3694 1177 3759 accessisse
1201 3695 1236 3760 in
1257 3696 1320 3761 fine

178 3804 320 3868 adiectas
344 3803 541 3886 posteriores
566 3795 743 3886 duodecim,
766 3802 800 3865 in
824 3801 982 3887 principio
1006 3800 1189 3876 Querolum
1209 3802 1320 3869 —Dc

177 3910 369 3977 correcturis
394 3910 533 3975 secunda
556 3932 655 3974 manu
678 3909 783 3994 factis,
807 3931 943 3994 quarum
967 3909 1001 3973 in
1025 3909 1121 3974 certis
1145 3908 1264 3975 fabulis
1289 3916 1321 3977 et

177 4016 353 4082 multitudo
377 4037 498 4101 magna
521 4018 554 4079 et
576 4017 795 4081 memorabilis
815 4016 899 4080 ratio
919 4020 977 4100 est,
1000 4016 1106 4081 dicam
1126 4016 1167 4080 ad
1180 4015 1320 4083 Militem

176 4124 356 4209 gloriosum
372 4124 415 4208 [p.
430 4120 544 4186 XVIII
554 4124 649 4206 sqq.]:
669 4123 710 4186 ad
725 4121 948 4188 Trinummum
969 4123 1054 4188 enirn
1073 4122 1135 4188 hoc
1153 4124 1220 4188 fere
1238 4124 1320 4189 nihil

176 4231 328 4316 pertinet.
351 4267 395 4275 —
418 4228 600 4295 Verborum
628 4229 792 4294 distinctio
821 4253 974 4315 persaepe
1002 4235 1058 4295 aut
1080 4231 1170 4296 nulla
1193 4234 1242 4295 est
1264 4235 1322 4296 aut

176 4359 291 4421 prava:
312 4337 397 4421 quod
411 4336 542 4422 quidem
557 4357 658 4422 genus
673 4335 911 4420 discrepantiae
925 4337 1021 4402 facile
1035 4337 1229 4423 intelligitur
1242 4361 1318 4423 pau·

177 4443 317 4508 cissimis
342 4444 495 4529 exemplis
519 4447 552 4507 et
580 4446 706 4507 tantum
730 4442 914 4525 speciminis
938 4464 1051 4510 caussa
1074 4446 1320 4512 commemorari
