2926 5040
146 98 211 164 486
436 114 696 161 PROLEGOMENA
722 115 769 161 DE
795 114 1005 162 uarroumvs

146 257 259 340 voluit,
281 257 444 321 intensam
467 261 637 340 praestare
657 257 849 321 obscuratae
868 256 1059 343 apparet*):
1081 259 1149 343 pari
1166 259 1292 324 ratium

148 369 245 449 atque
273 388 301 429 v.
325 367 345 428 2
369 386 436 429 non
459 367 555 442 finem
577 365 667 445 prata
693 365 761 443 lore
782 365 885 428 diuae
908 364 1095 448 collocavit,
1117 366 1169 430 sed
1190 366 1294 448 tiam·

32 499 133 538 ccum
146 472 214 552 fo'rc
240 492 328 552 quera
354 471 468 548 duosve,
497 471 630 535 tametsi
661 470 734 554 ipsa
753 471 821 550 soro
843 491 923 534 voce
946 470 987 535 ad
1010 473 1196 537 sententium
1213 464 1293 558 qui·

146 580 217 643 dem
249 577 343 642 facile
373 599 549 641 careamus.
595 575 671 640 Non
703 576 834 662 gravior
863 578 938 641 dore
969 578 1064 643 notio
1095 584 1145 643 est
1173 573 1294 644 inuis

146 685 272 748 ue‘uiom
299 686 365 748 ium
392 686 467 749 dore
490 686 585 767 patio
610 707 637 748 v.
662 685 742 748 325:
771 706 875 768 neque
903 685 990 748 enim
1017 686 1070 750 vel
1099 685 1211 752 undu
1226 702 1295 751 ue-

147 791 333 874 gandaeque
367 791 417 854 vel
451 790 611 873 petendae
643 789 830 875 dandaeque
871 791 1036 874 oppositio
1074 792 1112 856 fit
1146 793 1215 857 ulla:
1242 788 1296 853 et

147 900 256 960 tamen
280 902 336 961 aut
358 898 483 961 acuiom
505 896 586 961 ddro'
600 898 667 960 som
697 900 754 960 aut
776 896 851 961 deire
873 899 939 962 som
961 899 1143 983 uarioffl)
1164 902 1296 983 poetam

148 1003 300 1068 maluisse
323 1004 385 1086 ipsi
409 1003 534 1068 codices
557 1002 653 1066 fidem
679 1004 802 1068 iaciunt
820 1003 853 1067 A
876 1007 909 1067 et
931 1003 969 1068 B.
994 1003 1151 1071 Similiter
1171 1029 1196 1071 r.
1211 1003 1298 1081 898,

148 1111 276 1175 etiamsi
306 1132 373 1175 non
402 1110 540 1175 vitiosus
571 1115 657 1186 esset
686 1110 862 1194 spondeus,
892 1113 1003 1175 tamen
1033 1112 1197 1178 ferendum
1219 1128 1298 1178 nun

148 1222 233 1282 esset
259 1207 314 1282 saio
342 1218 440 1300 prasio
469 1218 543 1281 darc
573 1218 737 1298 maiam
769 1203 828 1302 pro
858 1216 935 1281 ddrc
964 1238 1021 1283 ssia
1055 1219 1150 1301 prodeo
1179 1223 1297 1303 epistu-

149 1322 294 1410 lam.***)
332 1324 497 1407 Imprimis
517 1327 622 1407 aptae,
645 1323 762 1409 quibus
786 1323 882 1388 buius
902 1324 1130 1390 concinnitatis
1148 1326 1298 1392 studium

149 1432 279 1513 eniteat,
302 1431 384 1495 tales
408 1430 588 1495 locutiones
612 1435 691 1494 sunt
712 1452 794 1514 quae
814 1453 874 1495 usu
893 1432 1053 1497 sermonis
1073 1432 1303 1517 frequentatae

149 1542 336 1603 constanter
355 1541 504 1602 accentus
525 1541 666 1619 servant,
690 1540 726 1600 ut
748 1538 873 1618 ὀρωαυι
895 1536 971 1601 ddrc
994 1538 1044 1607 vel
1069 1541 1144 1604 deire
1163 1556 1305 1624 operm

149 1647 231 1710 item
254 1646 330 1727 tipus
352 1650 404 1709 est.
437 1644 532 1709 Vnde
551 1645 722 1728 dupliciter
740 1645 773 1708 in
794 1646 899 1708 artem
919 1650 1056 1727 peccant
1075 1647 1153 1712 libri
1170 1668 1196 1711 v.
1212 1642 1307 1712 583:

150 1752 200 1816 De
221 1753 288 1816 dou
309 1757 345 1814 ut
371 1752 475 1815 uideat
504 1753 581 1832 quid
606 1773 682 1834 opus
703 1755 745 1816 sit
770 1752 869 1832 facto:
899 1730 923 1819 I'
942 1753 1040 1830 modo,
1063 1776 1137 1818 oum
1160 1754 1196 1819 ed
1216 1763 1310 1837 opud

150 1864 188 1925 et
210 1862 292 1941 facto
316 1859 384 1924 sine
408 1859 476 1924 ulla
499 1860 693 1924 necessitate
716 1859 869 1943 depressa
892 1860 1024 1925 accedat
1048 1865 1176 1944 praeter
1195 1861 1311 1927 ratio·

150 1990 224 2032 nem
248 1967 413 2031 intensum
436 1968 488 2030 sit:
517 1967 667 2050 quocirca
696 1966 782 2031 haud
806 1971 999 2032 cunctanter
1021 1967 1310 2053 transponendum

150 2073 213 2138 fuit
235 2073 413 2155 quodfacto
436 2073 587 2154 opressit:
615 2094 691 2136 nam
720 2073 889 2137 minimam
918 2095 957 2137 ex
986 2073 1052 2139 illis
1075 2076 1206 2141 vocibus
1226 2086 1311 2140 om·

150 2180 245 2245 nibus
268 2180 334 2243 vim
364 2178 463 2242 habet
488 2179 579 2259 facto.
625 2178 807 2245 Fatendum
829 2184 880 2244 est
902 2183 1013 2245 tamen
1037 2183 1195 2266 quaedam
1216 2189 1307 2247 ιω*

152 2288 231 2353 adeo
255 2286 332 2352 exili
355 2286 489 2351 notione
513 2308 597 2370 esse,
625 2290 661 2350 ut
689 2309 729 2350 ne
753 2309 825 2352 oum
850 2309 977 2352 summa
1000 2289 1189 2355 intendendi
1209 2303 1304 2354 com·

152 2395 309 2460 moditate
332 2393 461 2478 quidem
486 2394 691 2481 coniunctam
717 2397 869 2458 accentus
888 2396 1119 2461 necessitatem
1143 2392 1297 2461 habnt:

152 2523 215 2587 quo
239 2500 351 2565 multis
375 2501 408 2564 in
432 2501 512 2564 locis
535 2500 649 2564 leviter
678 2500 789 2564 addita
815 2523 876 2584 epo,
903 2503 994 2586 sada,
1023 2504 1079 2568 aa
1108 2504 1291 2587 pronomine

152 2610 324 2693 pertinent.
371 2605 471 2671 Velut
494 2606 576 2670 nihil
601 2611 651 2670 est
675 2608 761 2691 quod
784 2606 824 2670 ad
848 2607 1021 2690 positionis
1046 2608 1283 2695 elegantiamiu

152 2717 203 2780 his
231 2714 431 2779 desideretur
458 2737 486 2778 v.
510 2715 583 2779 874.
607 2713 686 2778 995:
713 2716 768 2795 qui
795 2714 852 2778 tris
878 2714 956 2778 mibi
983 2717 1068 2780 dedit
1094 2718 1284 2800 cprbtubed

152 2827 207 2904 pru?
239 2822 315 2885 rra-ilii
345 2825 402 2885 tris
432 2823 573 2885 acarnania
602 2823 696 2884 dedit:
731 2823 938 2904 quantumvis
972 2823 1062 2887 facili
1096 2847 1198 2908 opera
1229 2845 1286 2889 cun

154 2928 341 2993 Hermanno
373 2933 567 3011 transponas
597 2929 654 2992 laos
683 2929 763 2991 anibi
792 2930 845 3009 qui
873 2931 957 2993 dedit
985 2932 1136 3011 epistites
1165 2937 1198 2995 et
1225 2931 1289 2995 udi

153 3037 207 3116 qui
235 3038 291 3099 tris
318 3036 460 3099 ursrumo's
486 3036 576 3099 dedit.
605 3072 640 3080 -
667 3033 819 3099 Ceterum
848 3036 881 3100 in
910 3037 983 3101 aliis
1015 3060 1114 3120 saepe
1138 3039 1293 3103 lenissimo

154 3141 292 3206 artificio
317 3141 397 3205 illud
421 3143 562 3206 efficitur
585 3146 621 3204 ut
645 3165 662 3205 o
687 3142 771 3206 thesi
795 3143 828 3206 in
853 3144 952 3206 araim
971 3146 1193 3210 transferatur
1212 3170 1293 3212 voca·

153 3249 273 3313 bulum.
319 3249 416 3313 Velut
446 3252 478 3312 et
505 3249 601 3311 boaria
629 3252 661 3312 et
689 3270 787 3332 secra,
816 3273 1011 3334 quamquem
1041 3256 1199 3336 opposita
1222 3256 1299 3319 inter

155 3379 198 3437 se,
221 3355 415 3420 delitescunt
438 3357 471 3419 in
495 3356 658 3420 tralaticia
682 3357 786 3439 specie
811 3379 922 3422 versus
949 3360 1048 3422 1064:
1072 3359 1114 3423 si
1136 3369 1235 3426 torisa
1255 3367 1300 3433 cst,

154 3464 302 3528 otcarius
328 3485 409 3546 aram,
442 3466 675 3546 autumaret,
703 3465 822 3543 socium
850 3465 1020 3529 citatorias:
1054 3469 1170 3533 eadem
1196 3471 1302 3533 statim

24 3598 139 3637 cenaui
155 3576 339 3655 emergunt,
372 3572 425 3634 ubi
455 3571 633 3654 scripturae
662 3572 876 3634 variationem
908 3572 954 3635 eis
984 3572 1175 3639 adhibueris
1207 3577 1302 3660 ipsiu

156 3676 363 3758 antiquitatis
391 3678 622 3740 consuetudins
655 3677 837 3761 flagitatam
865 3681 905 3741 si·
920 3679 1031 3743 borsrist
1056 3685 1091 3743 et
1119 3687 1171 3747 siu
1200 3685 1303 3748 sarid:

156 3805 219 3865 quo
243 3783 331 3846 facto
356 3782 459 3846 solum
484 3784 516 3846 iu
542 3784 626 3847 thesi
651 3789 777 3848 restans
799 3785 917 3864 furiam
939 3807 1004 3849 uon
1028 3790 1180 3870 postulat
1204 3792 1303 3855 inteu-

156 3908 225 3916 --—-
232 3910 324 3916 n—

244 3957 269 4022 *)
290 3957 370 4027 [‘Pro
389 3974 445 4012 uno
463 3959 599 4012 vocabulo
618 3963 661 4013 est
676 3976 762 4028 prope
781 3976 821 4012 me
840 3976 916 4013 more
935 3959 1073 4030 antiquo)
1096 3964 1204 4037 Trin']

226 4044 266 4112 **)
287 4046 330 4115 [In
350 4046 392 4101 ed.
411 4046 460 4100 alt.
479 4046 552 4100 bauo
576 4046 679 4101 codicis
699 4048 724 4100 A
745 4047 911 4116 scripturam
931 4049 978 4102 vix
996 4051 1074 4104 recte
1094 4070 1125 4106 se
1144 4052 1188 4108 illi
1209 4055 1303 4124 aequi·

156 4151 267 4202 peraeae
287 4134 455 4190 R-itschelius
474 4135 566 4203 vidit}

227 4220 283 4288 m)
303 4223 428 4291 l‘parum
451 4223 541 4291 perite
564 4225 698 4278 reiectum
717 4243 734 4278 a
751 4224 887 4280 Muellero
910 4225 946 4280 de
965 4243 1038 4296 pros.
1059 4246 1086 4297 p.
1106 4231 1181 4285 21³)
1203 4231 1304 4305 'Ibin'l
