2926 5040
148 318 214 385 478
437 335 696 385 Pronnoonasa
721 337 768 384 on
792 336 1004 386 alrronravs

148 482 231 562 quid.
277 478 434 556 Qualibus
466 480 559 546 foeile
589 483 785 566 perspicitur
817 504 873 548 eur
902 482 1052 567 eandem,
1076 504 1180 567 quam
1207 504 1307 567 supra

149 586 258 651 allatis
287 587 364 651 Hoe‘
385 588 489 652 sonitei
515 588 583 652 meo'
602 589 724 653 mordm
745 588 825 652 neibi
847 593 881 653 et
903 589 992 654 Hoe'o
1017 590 1092 654 oue's
1120 589 1213 654 uobis
1242 611 1307 653 mo·

104 777 107 783 ,
150 695 213 759 lom
235 716 301 758 rem
324 693 384 780 (do
408 698 441 758 et
463 695 532 781 αβ),
556 697 800 760 exeusationem
824 717 889 760 non
913 694 1139 761 adhibeamus.
1179 694 1306 781 Quippe

149 802 211 867 hoe
233 801 370 865 interest
393 803 492 887 quod,
525 803 553 866 si
582 802 799 886 praemissum
823 802 889 865 sive
912 801 1069 866 creticum
1094 803 1168 866 sive
1192 803 1306 867 eretiei

149 908 288 973 formam
307 909 459 973 vicariam
479 909 691 993 separaveris,
714 910 801 973 omni
822 908 999 974 offensione
1020 931 1163 974 vaenum
1184 911 1305 975 senarii

149 1014 279 1079 initium
303 1015 460 1098 praebent
482 1015 558 1079 Meo
578 1015 698 1079 ntorum
722 1014 801 1079 milri
823 1019 857 1079 et
880 1015 971 1080 Vobis
992 1016 1116 1080 modeim
1139 1037 1217 1100 rem,
1240 1039 1305 1082 non

36 1169 38 1174 -
149 1123 307 1207 praebent
329 1122 468 1206 Propitds,
490 1115 591 1188 neseio
613 1124 690 1205 quid
712 1128 745 1187 et
765 1123 866 1201 Video,
878 1126 995 1206 portia
1011 1144 1096 1188 sum:
1122 1123 1159 1188 in
1184 1125 1304 1209 quibus

149 1230 201 1293 vix
226 1231 305 1294 satis
325 1231 416 1315 gravi
435 1231 704 1314 interpunctione,
727 1234 764 1295 ut
782 1232 817 1295 in
836 1231 992 1315 exemplis
1011 1247 1196 1316 poema
1209 1233 1304 1314 [458]

7 1361 133 1402 ooxovn
148 1337 307 1420 tractatis,
330 1338 371 1401 ab
395 1341 570 1421 anapaesto
595 1338 757 1421 spondeus
781 1337 951 1401 dirimitur.
987 1336 1201 1423 Quamquam
1225 1338 1305 1403 haee

149 1444 279 1527 quidem
303 1443 462 1509 eiusmodi
485 1465 555 1509 esse
579 1445 797 1529 concedimus,
825 1448 875 1528 ut,
898 1447 1116 1530 posteaquam
1141 1447 1182 1511 de
1207 1446 1304 1532 longe

149 1549 297 1634 plurimis
325 1551 455 1616 licuerit
481 1557 534 1617 sat
561 1555 649 1616 certo
676 1556 710 1615 et
732 1552 930 1616 confidenter
952 1556 1116 1634 statuere,
1147 1553 1211 1618 illa
1234 1554 1305 1638 ipsa

150 1656 278 1720 demum
295 1657 464 1724 lubricam
493 1658 765 1724 existimationem
794 1657 937 1723 habeant
963 1662 997 1722 et
1025 1658 1166 1725 dubiam
1190 1682 1303 1725 eorum

99 1772 101 1777 ‘
149 1764 270 1848 finium,
289 1787 371 1848 quos
390 1764 476 1829 ultra
494 1764 640 1849 citraque
659 1764 992 1857 nequeat'oonsistere
1007 1769 1148 1851 rectum,
1168 1767 1303 1852 diserip

149 1871 280 1935 tionem.
327 1872 479 1956 Idemque
503 1872 577 1937 volo
601 1871 640 1935 de
663 1871 719 1936 illo
744 1893 838 1936 versu
860 1871 982 1935 dietum
1005 1893 1089 1956 esse,
1113 1895 1214 1957 quem
1238 1875 1301 1941 iam

148 2000 178 2062 p.
204 1995 356 2043 ccxxxvr
381 1979 473 2059 [469]
497 1978 607 2062 tetigi,
629 1977 717 2043 Trin.
737 1978 815 2043 661:

236 2119 368 2206 Perpeti
389 2123 528 2205 nequeo:
552 2121 649 2184 simul
672 2121 764 2205 piget
786 2124 901 2204 panim
924 2120 1044 2205 pudere
1067 2126 1115 2188 te.

148 2261 234 2327 Nam
257 2286 329 2329 eum
348 2287 414 2330 non
433 2262 537 2347 possit
556 2285 633 2328 sane
652 2285 718 2327 uon
736 2262 971 2327 dubitationem
991 2286 1126 2331 movere
1146 2274 1303 2352 quattuor

148 2374 367 2453 oxytonorum
400 2369 592 2454 cumulatio,
630 2375 739 2435 tamen
776 2370 907 2435 difficile
940 2370 1028 2434 dictu
1062 2378 1118 2439 est
1151 2377 1232 2458 quid
1265 2399 1301 2442 eo

148 2497 258 2561 versu,
283 2479 412 2562 qualem
436 2478 561 2544 codices
585 2477 752 2563 exhibent,
775 2477 960 2543 faciendum
982 2477 1039 2542 sit:

236 2619 367 2705 Perpeti
389 2643 525 2705 nequeo:
550 2621 647 2685 simul
671 2643 722 2685 me
745 2620 835 2707 piget
857 2641 971 2704 parum
995 2620 1122 2703 pudere
1145 2628 1196 2690 te:

147 2762 180 2826 in
196 2785 259 2846 quo
275 2765 435 2828 mordicus
449 2765 622 2829 tenendum
639 2769 702 2847 est,
716 2763 802 2848 quod
817 2787 847 2848 p.
858 2781 1018 2828 cxxxvnl
1034 2763 1175 2852 [385]*)
1193 2768 1298 2834 docui-

147 2891 227 2954 muS,
254 2893 317 2935 non
341 2892 436 2955 posse
459 2893 518 2954 pro
542 2870 665 2934 duabus
687 2870 839 2934 brevibus
856 2872 942 2953 pipet
959 2893 1038 2934 esse.
1077 2871 1177 2938 Nihil
1203 2876 1299 2960 igitur

146 2976 296 3040 relietum
311 3000 381 3041 esse
400 2977 491 3041 video
510 2976 574 3040 nisi
589 2980 633 3058 ut,
648 2978 702 3060 qui
718 2978 889 3060 repetitam
905 2977 1114 3060 oxytonasim
1129 2980 1298 3047 ferendam

146 3106 215 3147 esse
243 3090 353 3170 neget,
388 3084 648 3167 nronosyllabam
677 3085 773 3148 astrol
795 3084 883 3149 voeis
907 3084 1216 3166 pronuntiationem
1240 3089 1299 3152 hue

146 3191 301 3276 asciseat,
330 3215 411 3276 quae
444 3193 478 3255 in
509 3191 650 3254 medium
681 3192 902 3274 septenarium
929 3189 1028 3254 etiem
1057 3190 1119 3257 illo
1149 3197 1297 3280 exemplo

147 3296 260 3361 incidit
283 3299 365 3383 quod
390 3321 419 3382 p.
445 3297 681 3378 cxlrvl1l393]
706 3298 886 3361 attulimus.

236 3403 386 3470 Ceterum
412 3427 596 3489 paucarum,
620 3426 699 3487 quas
723 3426 788 3468 non
813 3405 917 3488 attigi,
940 3405 1124 3472 formarum
1150 3413 1297 3495 exempla

145 3513 178 3576 in
202 3513 274 3576 aliis
298 3513 419 3577 fabulis
444 3513 501 3576 alii
526 3516 696 3594 quaerant:
721 3533 858 3594 quarum
881 3509 909 3574 si
932 3533 1031 3575 unam
1055 3518 1091 3577 et
1115 3515 1200 3582 item
1224 3519 1299 3582 alte·

145 3642 214 3682 ram
246 3642 355 3684 carere
387 3619 532 3701 exemplo
563 3618 763 3701 apparuerit,
796 3639 873 3681 casu
902 3617 1025 3681 laetum
1053 3625 1191 3702 putato:
1226 3646 1297 3688 nam

145 3728 264 3792 rationi
288 3730 379 3792 nulla
401 3730 570 3810 repugnat.

235 3853 296 3918 Sed
322 3854 462 3918 nondum
487 3853 647 3937 permensi
671 3875 781 3917 sumus
806 3852 1063 3937 septenariorum
1090 3853 1180 3919 initii
1200 3878 1298 3941 prope

145 3962 307 4025 infinitam
331 3961 532 4025 varietatem.
574 3959 713 4023 Restant
736 3961 823 4024 enim
847 3982 902 4023 eae
926 3960 1061 4045 formae,
1086 3984 1175 4047 quae
1200 3965 1299 4030 eonti-

143 4076 244 4133 nuato
268 4090 325 4153 per
348 4074 517 4150 utramque
541 4072 666 4150 partem
691 4089 754 4131 uno
778 4067 936 4132 vocabulo
961 4071 1111 4151 oxytono
1136 4071 1231 4136 fiunt.
1271 4070 1298 4135 E

144 4197 208 4258 quo
233 4196 349 4259 genere
374 4173 433 4236 has
456 4174 581 4238 notavi:

232 4457 258 4525 *)
279 4457 338 4526 [ubi
358 4456 421 4510 vido
440 4454 670 4523 annotationem]
