2962 5032
551 117 787 166 nrrnrurscnn
811 118 937 164 annau.
1248 100 1311 163 671

166 275 496 342 cnmuurssluvu,
519 280 557 324 ac
579 282 682 346 nuper
706 259 834 324 demum
859 259 1078 325 comissimum
1102 260 1137 323 in
1160 259 1211 323 his
1234 258 1314 342 ipsis

164 366 267 431 terris
294 387 372 441 rara
400 387 473 432 cum
500 367 627 432 laetitia
654 367 777 451 experti
803 389 927 449 sumus,
955 382 1232 432 avavsmssluvu
1255 384 1314 431 RE-

164 489 243 538 amr
261 476 409 540 nostrum
423 472 646 538 Farnsarcvu
661 472 884 538 Gmnunuvu.
917 469 1014 537 Cuius
1038 493 1111 546 eum
1132 472 1310 557 singulares

165 579 307 646 virtutes
331 581 454 646 variam
479 603 517 647 ac
539 580 753 663 multiplicem
776 579 982 664 praedicandi
1005 578 1176 644 materiam
1196 600 1313 664 suppe-

167 686 285 772 ditent,
307 686 563 753 luculentissima
587 686 715 772 quidem
734 686 855 773 Regiae
874 686 1092 770 praestantiae
1112 685 1312 769 documenta,
1326 707 1360 746 rv

167 793 288 878 quibus
312 793 399 859 hunc
421 793 528 877 ipsum
552 815 671 857 annum
694 793 786 879 regni
810 792 860 857 aui
883 792 1056 876 praecipue
1075 813 1145 856 esse
1164 797 1312 857 ornatum

167 900 292 984 voluit,
323 900 358 964 in
386 920 424 965 eo
452 920 568 984 genere
596 900 733 983 enitent,
764 900 798 963 in
826 921 890 984 quo
918 898 1088 963 recolendo
1111 920 1177 965 non
1200 898 1311 978 dubito

169 1005 250 1091 quin
280 1005 379 1092 longe
410 1006 553 1071 maxima
583 1009 616 1070 et
645 1028 704 1070 sua
734 1011 767 1071 et
794 1009 904 1070 vestra
927 1005 1095 1089 voluptate
1123 1006 1200 1070 talis
1228 1011 1314 1071 esset

169 1117 283 1179 orator
310 1116 510 1195 versaturus,
543 1134 563 1176 a
590 1111 680 1177 euius
709 1132 848 1194 persona
875 1111 957 1175 illud
980 1111 1187 1195 potissimum
1211 1132 1312 1197 genus

169 1221 279 1286 minus
303 1241 400 1304 quam
425 1241 444 1283 a
466 1239 539 1283 mea
562 1217 705 1283 alienum
727 1223 821 1283 esset.
867 1216 969 1293 Quem
993 1217 1080 1282 enim
1102 1217 1203 1303 fugit,
1226 1220 1312 1286 lucu·

169 1326 387 1392 lentissimum
409 1326 535 1391 facinus
560 1347 632 1389 cum
656 1325 741 1408 dico,
764 1324 908 1410 cogitare
930 1346 981 1389 me
1005 1324 1044 1389 de
1067 1324 1241 1391 immutata
1264 1329 1313 1391 at-

169 1457 232 1519 que
262 1433 397 1500 consilio
422 1454 495 1497 vere
522 1433 613 1517 regio
643 1433 812 1497 emendata
834 1432 940 1496 forma
963 1431 1190 1516 gubernandae
1214 1433 1312 1499 admi·

171 1541 421 1625 nistrandaeque
443 1540 599 1605 civitatis:
622 1540 712 1605 cuius
735 1561 808 1605 cum
832 1539 969 1605 antehac
993 1559 1071 1604 cura
1087 1561 1187 1624 penes
1206 1542 1313 1627 regios

175 1648 342 1713 ministros
361 1628 478 1712 fuisset
495 1646 592 1731 solos,
610 1648 721 1712 eadem
740 1650 817 1730 post
835 1646 1020 1712 diuturnam
1040 1647 1313 1731 exspectationem

171 1775 245 1819 cum
271 1753 393 1837 populo
421 1775 479 1841 suo
509 1753 689 1819 liberaliter
716 1753 954 1819 communicata
980 1754 1131 1838 publicae
1155 1755 1314 1820 consulta-

171 1860 272 1925 tionis
296 1859 527 1946 popularisque
551 1860 793 1925 deliberationis
817 1865 930 1926 auctor
954 1861 1092 1945 exstitit,
1115 1883 1132 1926 e
1155 1884 1220 1946 qua
1243 1884 1313 1946 spe-

172 1987 243 2032 rare
272 1965 350 2031 licet
377 1966 447 2031 fore
474 1971 512 2031 ut
538 1989 603 2032 non
626 1965 660 2030 in
683 1987 790 2030 rerum
814 1966 1062 2036 Borussicarum
1084 1970 1225 2051 tantum,
1258 1967 1314 2032 sed

172 2073 207 2137 in
229 2073 398 2138 universae
418 2071 611 2139 Germaniae
631 2073 770 2138 salutem
792 2073 890 2158 longe
914 2072 1166 2157 praeclarissimi
1188 2073 1313 2138 fructus

172 2177 362 2245 redundent
395 2180 434 2245 In
456 2180 518 2247 hoc
537 2180 639 2266 igitur
657 2200 784 2264 genere,
807 2202 945 2265 quocum
964 2179 1230 2246 coniunctissima
1248 2179 1314 2245 alia

171 2290 224 2351 est
251 2307 318 2351 non
340 2287 447 2352 minus
471 2287 604 2373 egregia
626 2286 808 2352 emendatio
832 2309 939 2352 rerum
963 2285 1122 2371 civilium,
1148 2288 1314 2370 pertinens

172 2414 211 2458 ea
240 2393 281 2458 ad
309 2394 503 2462 iudiciorum
530 2394 669 2460 formam
696 2394 791 2460 huius
819 2395 923 2479 ipsius
951 2394 1137 2479 provinciae
1167 2397 1314 2478 exemplo

172 2501 349 2567 instaurari
372 2506 530 2587 coeptam,
553 2502 649 2569 hodie
672 2503 802 2586 morari,
825 2503 887 2567 etsi
910 2503 1011 2587 gestit
1029 2501 1166 2586 animus,
1189 2502 1314 2567 duabus

172 2606 211 2671 de
240 2608 363 2674 caussis
390 2610 476 2675 nolo.
521 2608 665 2673 Primum
695 2608 779 2693 quod
803 2630 841 2673 ea
865 2608 952 2690 laus,
984 2611 1097 2693 utpote
1121 2608 1211 2674 cuius
1234 2613 1315 2673 tem-

172 2733 270 2797 quam
297 2714 421 2779 radices
448 2716 490 2779 ab
519 2712 600 2780 D1v1
627 2714 812 2781 Fumamer
836 2713 1012 2781 Gvrnnnrm
1034 2714 1085 2780 III
1108 2716 1244 2800 imperio
1267 2738 1314 2780 re·

173 2819 333 2903 petendae
357 2843 428 2885 esse
450 2822 647 2904 viderentur,
674 2825 744 2886 tam
771 2821 927 2887 facundae
954 2843 1057 2905 nuper
1080 2823 1237 2887 orationis
1261 2844 1316 2906 op·

173 2928 409 3010 portunitatem
438 2928 588 3011 praebuit
615 2950 688 2994 cum
712 2945 829 2995 mulus
858 2929 947 3012 piam
975 2929 1164 2994 memoriam
1188 2928 1316 3014 publice

173 3032 411 3117 recolebamus,
438 3037 475 3097 ut
498 3035 672 3099 verendum
696 3035 740 3099 sit
760 3034 920 3119 profecto,
946 3056 987 3100 ne
1011 3034 1052 3099 ab
1077 3035 1154 3100 talis
1178 3036 1316 3107 oratoris

173 3137 344 3223 splendore
371 3138 475 3205 nimio
503 3139 674 3205 intervallo
704 3145 889 3206 nostrorum
919 3141 1120 3226 relinquatur
1143 3142 1316 3207 verborum

173 3244 327 3309 tenuitas.
368 3243 492 3310 Deinde
516 3249 719 3312 autemeam
743 3271 763 3312 a
785 3268 859 3311 mea
882 3269 1021 3331 persona
1044 3248 1125 3313 illud
1149 3268 1317 3332 argumen-

173 3356 245 3417 tum
262 3372 333 3416 esse
353 3352 491 3417 alienius
511 3351 702 3436 significavi,
724 3352 786 3417 hoc
805 3353 925 3418 sentio:
948 3355 1036 3420 nolle
1056 3376 1116 3438 me,
1140 3353 1196 3438 qui
1214 3353 1316 3418 vitam

174 3457 392 3524 umbraticam
407 3457 531 3542 degam
555 3462 588 3522 et
611 3481 666 3523 eas
680 3458 790 3523 Musas
814 3459 930 3544 colam,
952 3483 1033 3545 quae
1057 3460 1188 3545 fugiunt
1210 3461 1316 3524 forum

174 3571 209 3632 et
230 3564 363 3647 curiam,
385 3584 424 3628 ea
446 3568 638 3649 argumenta
661 3586 825 3649 occupare,
848 3587 930 3650 quae
953 3566 1020 3630 illis
1042 3565 1253 3651 relinquenda
1271 3567 1318 3631 vi·

175 3673 328 3755 deantur,
358 3670 413 3754 qui
437 3670 469 3735 in
493 3671 611 3736 litteris
635 3670 786 3737 habitant
808 3672 956 3756 proximo
979 3693 1054 3736 eum
1077 3673 1149 3740 foro
1173 3678 1206 3738 et
1229 3675 1319 3738 curia

175 3779 304 3845 viuculo
327 3776 523 3861 coniunctis,
545 3777 617 3864 lege
641 3782 749 3843 autem
773 3779 873 3844 creati
897 3778 1051 3846 Rectores
1074 3780 1170 3846 huius
1195 3781 1319 3845 univer·

175 3885 285 3952 sitatis
307 3890 384 3970 post
407 3907 459 3949 me
489 3885 527 3949 de
550 3885 613 3950 hoc
636 3889 790 3971 suggestu
814 3887 963 3953 orabunt.
1011 3885 1074 3953 Sed
1097 3909 1179 3971 quae
1202 3887 1242 3952 ad
1266 3888 1318 3952 lit·

175 3996 264 4059 teras
290 3992 459 4058 universas
488 4013 662 4075 earumque
690 3993 831 4057 rationes
859 3993 957 4056 latius
988 3996 1137 4076 patentes
1168 3993 1320 4058 instituta

174 4097 287 4165 eivilia
308 4102 467 4184 spectant,
491 4120 601 4163 eorum
624 4099 753 4182 quidem
777 4098 1051 4163 existimationem
1075 4103 1172 4182 etque
1195 4098 1318 4184 discep-

174 4204 337 4275 tationem
363 4226 438 4273 cum
465 4228 530 4273 non
555 4227 707 4290 superare
731 4226 838 4269 meum
865 4210 996 4291 captum
1019 4208 1151 4291 putare,
1177 4227 1242 4271 non
1266 4227 1317 4272 ve·
