2962 5032
695 1130 789 1213 XII.

475 1302 764 1405 Philologischc
792 1302 1008 1386 Miscellen.

726 1628 753 1692 1.

169 1768 343 1834 Vorrede
381 1791 423 1832 zu
462 1768 527 1832 der
563 1767 742 1854 Ausgabe
780 1767 1063 1851 ‘Xenophontis
1101 1768 1311 1855 Expeditio

169 1873 269 1959 Cyri.
304 1875 426 1941 editio
455 1879 593 1961 quarta
627 1875 876 1942 emendatior.
911 1874 1019 1940 Halia
1048 1873 1240 1942 Saxonum
1273 1879 1311 1943 in

337 1983 503 2048 libraria
527 1984 868 2068 orphanotrophei.
891 1983 1141 2050 uncccxxxw3

484 2157 752 2213 Llssunnlvs
783 2157 995 2213 LECTORI

726 2321 753 2369 S.

257 2446 445 2531 Langianae
482 2444 633 2512 editionis
671 2446 818 2530 exempla
853 2445 1016 2511 Anabasis
1053 2445 1345 2530 Xenophonteaev

166 2576 240 2619 cum
275 2554 432 2619 distracta
462 2556 585 2637 essent,
620 2553 708 2618 illius
746 2557 856 2618 autem
891 2552 1179 2619 annotatiunculae
1214 2552 1309 2618 hodie

166 2682 232 2724 non
255 2661 418 2725 videretur
441 2659 600 2725 committi
622 2681 719 2742 posse
743 2664 780 2723 ut
807 2659 897 2744 typis
924 2663 1160 2744 repeterentur:
1187 2658 1308 2725 factum

167 2771 230 2848 est,
257 2770 293 2831 ut
320 2789 405 2832 nova
432 2768 538 2833 forma
565 2767 649 2832 liber
678 2766 821 2850 prodeat.
868 2768 957 2844 Quae
986 2789 1182 2852 quamquam
1206 2767 1310 2851 prima

167 2874 272 2957 specie
299 2894 358 2938 nec
390 2875 431 2938 ab
455 2873 589 2939 editoris
612 2874 772 2940 industria
795 2896 855 2939 nec
877 2875 918 2938 ab
943 2874 1155 2940 scholasticae
1178 2873 1309 2939 institu-

166 2980 265 3044 tionis
293 2979 421 3045 ratione
449 2981 587 3045 multum
616 2981 836 3046 commendari
863 2980 1026 3064 videatur,
1053 2986 1163 3045 tamen
1195 3002 1308 3063 reapse

165 3090 381 3171 cognoscetur
403 3107 441 3151 eo
465 3091 497 3152 et
521 3087 629 3152 studio
653 3092 686 3152 et
709 3088 843 3154 consilio
862 3087 1013 3152 instituta
1036 3109 1116 3171 esse,
1139 3108 1202 3171 quo
1221 3086 1308 3152 haud

167 3193 278 3276 paullo
296 3192 459 3277 prioribus
478 3192 675 3259 fructuosior
694 3199 810 3280 quarta
827 3194 907 3260 haec
926 3192 1024 3259 editio
1044 3193 1191 3259 evaserit.
1223 3194 1308 3258 Nam

165 3319 239 3363 cum
267 3304 464 3364 resectarum
496 3301 745 3367 annotationum
772 3302 897 3366 iactura
928 3300 1044 3366 idoneo
1073 3300 1183 3385 aliquo
1211 3301 1307 3366 modo

165 3405 404 3490 compensanda
426 3409 520 3490 esset
542 3406 591 3472 ita
613 3411 723 3471 tamen
746 3410 783 3471 ut
805 3412 938 3491 propter
957 3407 1149 3473 domesticas
1169 3405 1306 3490 discipu-

164 3511 270 3577 lorum
300 3513 444 3578 rationes
479 3535 579 3597 parvo
610 3513 694 3578 liber
726 3518 812 3578 esset
839 3513 1009 3597 parabilis:
1044 3512 1150 3576 visum
1177 3515 1227 3576 est
1259 3535 1307 3577 se·

164 3619 281 3684 lectam
305 3619 484 3702 scripturae
508 3618 759 3702 discrepantiam
785 3617 918 3683 Graecis
942 3618 1087 3683 subicere
1106 3617 1141 3682 in
1160 3618 1307 3703 margine

165 3725 314 3807 positam.
369 3725 461 3802 Quod
498 3747 563 3789 non
596 3723 781 3789 dubitamus
814 3725 893 3809 quin
925 3724 1057 3789 terroris
1096 3724 1307 3809 aliquantum,

165 3852 237 3896 cum
257 3832 397 3915 primum
416 3831 587 3915 audierint,
606 3830 921 3916 intellegentissimis
941 3831 1121 3917 quibusque
1143 3833 1190 3895 rei
1215 3831 1307 3896 scho-

165 3936 297 4002 lasticae
328 3938 487 4003 iudicibus
520 3937 806 4022 iniecturum'sit,
842 3938 960 4023 quippe
996 3938 1303 4021 perniciosissimam
1317 3963 1351 4004 m

166 4044 348 4109 scholarum
371 4049 495 4129 pestem
520 4044 680 4130 quandam
710 4045 841 4109 criticae
872 4047 951 4110 artis
981 4046 1209 4110 tractationem
1241 4066 1306 4110 uno

165 4173 219 4215 ore
242 4152 530 4218 conclamantibus
575 4152 644 4218 Nec
667 4152 753 4217 istud
777 4151 827 4215 illi
856 4174 932 4216 sane
955 4152 1127 4217 immerito.
1172 4150 1306 4215 Verum·

113 4314 118 4323 .
165 4258 328 4323 enimvero
355 4281 420 4324 non
449 4281 505 4323 eae
529 4259 698 4344 appositae
723 4263 798 4323 sunt
828 4258 1014 4342 scripturae,
1045 4279 1126 4343 quae
1157 4256 1306 4322 criticum

165 4389 258 4432 usum
281 4365 437 4452 habeant,
465 4367 530 4450 vel,
558 4367 586 4431 si
611 4365 752 4450 quando,
775 4369 860 4430 certe
883 4386 948 4430 non
971 4364 1057 4449 quod
1080 4386 1152 4430 eum
1176 4364 1307 4448 habent,
