<?xml version="1.0" encoding="UTF-8"?>
<!DOCTYPE html PUBLIC "-//W3C//DTD XHTML 1.0 Transitional//EN"
    "http://www.w3.org/TR/xhtml1/DTD/xhtml1-transitional.dtd">
<html xmlns="http://www.w3.org/1999/xhtml" xml:lang="en" lang="en">
 <head>
  <title>
</title>
<meta http-equiv="Content-Type" content="text/html;charset=utf-8" />
  <meta name='ocr-system' content='tesseract 3.04.00' />
  <meta name='ocr-capabilities' content='ocr_page ocr_carea ocr_par ocr_line ocrx_word'/>
</head>
<body>
  <div class='ocr_page' id='page_1' title='image "./fridericiritsch02wachgoog_0376.png"; bbox 0 0 2962 5032; ppageno 0'>
   <div class='ocr_carea' id='block_1_1' title="bbox 488 147 1313 213">
    <p class='ocr_par' dir='ltr' id='par_1_1' title="bbox 488 147 1313 213">
     <span class='ocr_line' id='line_1_1' title="bbox 488 147 1313 213; baseline 0 -2"><span class='ocrx_word' id='word_1_1' title='bbox 488 165 752 213; x_wconf 72' lang='lat' dir='ltr'>uuaunffloura</span> <span class='ocrx_word' id='word_1_2' title='bbox 776 164 984 213; x_wconf 70' lang='lat' dir='ltr'>curvamen.</span> <span class='ocrx_word' id='word_1_3' title='bbox 1250 147 1313 211; x_wconf 79' lang='lat'>357</span> 
     </span>
    </p>
   </div>
   <div class='ocr_carea' id='block_1_2' title="bbox 164 307 1382 2428">
    <p class='ocr_par' dir='ltr' id='par_1_2' title="bbox 164 307 1382 2428">
     <span class='ocr_line' id='line_1_2' title="bbox 165 307 1315 396; baseline -0.003 -20"><span class='ocrx_word' id='word_1_4' title='bbox 165 309 288 396; x_wconf 80' lang='lat' dir='ltr'><strong>reliqui</strong></span> <span class='ocrx_word' id='word_1_5' title='bbox 320 308 469 392; x_wconf 84' lang='lat' dir='ltr'>fecerint,</span> <span class='ocrx_word' id='word_1_6' title='bbox 500 309 582 373; x_wconf 88' lang='lat' dir='ltr'>satis</span> <span class='ocrx_word' id='word_1_7' title='bbox 611 311 698 373; x_wconf 88' lang='lat' dir='ltr'>certo</span> <span class='ocrx_word' id='word_1_8' title='bbox 727 307 853 374; x_wconf 88' lang='lat' dir='ltr'>definiri</span> <span class='ocrx_word' id='word_1_9' title='bbox 879 307 1006 392; x_wconf 90' lang='lat' dir='ltr'>nequit:</span> <span class='ocrx_word' id='word_1_10' title='bbox 1040 307 1208 393; x_wconf 84' lang='lat' dir='ltr'>aliquanto</span> <span class='ocrx_word' id='word_1_11' title='bbox 1241 307 1315 392; x_wconf 89' lang='lat' dir='ltr'>plus</span> 
     </span>
     <span class='ocr_line' id='line_1_3' title="bbox 166 413 1315 501; baseline -0.003 -18"><span class='ocrx_word' id='word_1_12' title='bbox 166 417 268 483; x_wconf 82' lang='lat' dir='ltr'>fuisse</span> <span class='ocrx_word' id='word_1_13' title='bbox 300 438 398 501; x_wconf 85' lang='lat' dir='ltr'>quam</span> <span class='ocrx_word' id='word_1_14' title='bbox 430 413 556 481; x_wconf 87' lang='lat' dir='ltr'>Naekio</span> <span class='ocrx_word' id='word_1_15' title='bbox 588 416 694 480; x_wconf 91' lang='lat' dir='ltr'>visum</span> <span class='ocrx_word' id='word_1_16' title='bbox 727 419 777 479; x_wconf 90' lang='lat' dir='ltr'>est</span> <span class='ocrx_word' id='word_1_17' title='bbox 809 413 925 500; x_wconf 89' lang='lat' dir='ltr'>Opusc.</span> <span class='ocrx_word' id='word_1_18' title='bbox 953 415 1030 498; x_wconf 92' lang='lat' dir='ltr'>phil.</span> <span class='ocrx_word' id='word_1_19' title='bbox 1058 413 1075 477; x_wconf 93' lang='grc' dir='ltr'><strong>Ι</strong></span> <span class='ocrx_word' id='word_1_20' title='bbox 1102 437 1133 499; x_wconf 90' lang='lat' dir='ltr'>p.</span> <span class='ocrx_word' id='word_1_21' title='bbox 1159 415 1219 481; x_wconf 80' lang='grc'>187</span> <span class='ocrx_word' id='word_1_22' title='bbox 1238 436 1315 500; x_wconf 83' lang='lat' dir='ltr'>sqq,</span> 
     </span>
     <span class='ocr_line' id='line_1_4' title="bbox 168 521 1315 607; baseline -0.003 -17"><span class='ocrx_word' id='word_1_23' title='bbox 168 525 248 590; x_wconf 86' lang='lat' dir='ltr'>talia</span> <span class='ocrx_word' id='word_1_24' title='bbox 267 524 444 590; x_wconf 88' lang='lat' dir='ltr'>ostendunt</span> <span class='ocrx_word' id='word_1_25' title='bbox 461 523 555 607; x_wconf 85' lang='lat' dir='ltr'>quale</span> <span class='ocrx_word' id='word_1_26' title='bbox 569 522 733 607; x_wconf 81' lang='lat' dir='ltr'>Philologi</span> <span class='ocrx_word' id='word_1_27' title='bbox 753 523 816 587; x_wconf 89' lang='lat' dir='ltr'>vol.</span> <span class='ocrx_word' id='word_1_28' title='bbox 830 521 846 586; x_wconf 94' lang='grc' dir='ltr'>Ι</span> <span class='ocrx_word' id='word_1_29' title='bbox 861 545 890 606; x_wconf 93' lang='lat' dir='ltr'>p.</span> <span class='ocrx_word' id='word_1_30' title='bbox 906 523 971 587; x_wconf 88' lang='lat'>309</span> <span class='ocrx_word' id='word_1_31' title='bbox 988 525 1043 603; x_wconf 89' lang='lat'>[=</span> <span class='ocrx_word' id='word_1_32' title='bbox 1059 521 1175 606; x_wconf 89' lang='lat' dir='ltr'>Opusc.</span> <span class='ocrx_word' id='word_1_33' title='bbox 1189 521 1267 606; x_wconf 90' lang='lat' dir='ltr'><strong>phil.</strong></span> <span class='ocrx_word' id='word_1_34' title='bbox 1283 521 1315 586; x_wconf 94' lang='grc' dir='ltr'>Π</span> 
     </span>
     <span class='ocr_line' id='line_1_5' title="bbox 167 628 1315 717; baseline -0.003 -21"><span class='ocrx_word' id='word_1_35' title='bbox 167 656 197 717; x_wconf 92' lang='lat' dir='ltr'>p.</span> <span class='ocrx_word' id='word_1_36' title='bbox 221 630 301 712; x_wconf 92' lang='grc'>285]</span> <span class='ocrx_word' id='word_1_37' title='bbox 326 629 465 694; x_wconf 84' lang='lat' dir='ltr'><strong>diximus</strong></span> <span class='ocrx_word' id='word_1_38' title='bbox 492 632 602 713; x_wconf 54' lang='lat' dir='ltr'>mnata</span> <span class='ocrx_word' id='word_1_39' title='bbox 629 652 700 694; x_wconf 91' lang='lat' dir='ltr'>esse</span> <span class='ocrx_word' id='word_1_40' title='bbox 728 652 787 713; x_wconf 86' lang='lat' dir='ltr'>pro</span> <span class='ocrx_word' id='word_1_41' title='bbox 811 631 930 695; x_wconf 77' lang='lat' dir='ltr'>innata.</span> <span class='ocrx_word' id='word_1_42' title='bbox 976 628 1098 695; x_wconf 89' lang='lat' dir='ltr'>Verum</span> <span class='ocrx_word' id='word_1_43' title='bbox 1122 633 1315 712; x_wconf 81' lang='lat' dir='ltr'>esttamen,</span> 
     </span>
     <span class='ocr_line' id='line_1_6' title="bbox 167 736 1315 823; baseline -0.002 -22"><span class='ocrx_word' id='word_1_44' title='bbox 167 736 401 823; x_wconf 86' lang='lat' dir='ltr'><strong>propemodum</strong></span> <span class='ocrx_word' id='word_1_45' title='bbox 429 741 619 803; x_wconf 73' lang='lat' dir='ltr'>constanter</span> <span class='ocrx_word' id='word_1_46' title='bbox 645 738 679 803; x_wconf 92' lang='lat' dir='ltr'>in</span> <span class='ocrx_word' id='word_1_47' title='bbox 708 737 920 803; x_wconf 75' lang='lat' dir='ltr'><strong>substantivis</strong></span> <span class='ocrx_word' id='word_1_48' title='bbox 945 743 1060 821; x_wconf 66' lang='lat' dir='ltr'>pratus</span> <span class='ocrx_word' id='word_1_49' title='bbox 1083 742 1182 820; x_wconf 74' lang='lat' dir='ltr'>pratu</span> <span class='ocrx_word' id='word_1_50' title='bbox 1206 759 1227 820; x_wconf 75' lang='lat'><strong><em>9</em></strong></span> <span class='ocrx_word' id='word_1_51' title='bbox 1251 758 1315 800; x_wconf 89' lang='lat' dir='ltr'>ser·</span> 
     </span>
     <span class='ocr_line' id='line_1_7' title="bbox 166 842 1316 929; baseline -0.002 -19"><span class='ocrx_word' id='word_1_52' title='bbox 166 845 245 910; x_wconf 86' lang='lat' dir='ltr'>vari.</span> <span class='ocrx_word' id='word_1_53' title='bbox 271 881 312 891; x_wconf 93' lang='lat'>—</span> <span class='ocrx_word' id='word_1_54' title='bbox 339 842 461 910; x_wconf 79' lang='lat' dir='ltr'>Contra</span> <span class='ocrx_word' id='word_1_55' title='bbox 484 848 581 929; x_wconf 86' lang='lat' dir='ltr'>atque</span> <span class='ocrx_word' id='word_1_56' title='bbox 604 844 637 909; x_wconf 90' lang='lat' dir='ltr'>in</span> <span class='ocrx_word' id='word_1_57' title='bbox 661 844 712 909; x_wconf 89' lang='lat' dir='ltr'><strong>his</strong></span> <span class='ocrx_word' id='word_1_58' title='bbox 741 845 890 909; x_wconf 89' lang='lat' dir='ltr'>omnibus</span> <span class='ocrx_word' id='word_1_59' title='bbox 915 845 1035 909; x_wconf 83' lang='lat' dir='ltr'>extrita</span> <span class='ocrx_word' id='word_1_60' title='bbox 1057 845 1168 910; x_wconf 87' lang='lat' dir='ltr'>littera</span> <span class='ocrx_word' id='word_1_61' title='bbox 1190 865 1316 909; x_wconf 76' lang='lat' dir='ltr'>rusam</span> 
     </span>
     <span class='ocr_line' id='line_1_8' title="bbox 166 951 1315 1045; baseline -0.001 -28"><span class='ocrx_word' id='word_1_62' title='bbox 166 974 225 1037; x_wconf 88' lang='lat' dir='ltr'>pro</span> <span class='ocrx_word' id='word_1_63' title='bbox 248 972 376 1017; x_wconf 79' lang='lat' dir='ltr'>rursum</span> <span class='ocrx_word' id='word_1_64' title='bbox 395 952 560 1037; x_wconf 84' lang='lat' dir='ltr'>antiquior</span> <span class='ocrx_word' id='word_1_65' title='bbox 579 955 668 1017; x_wconf 83' lang='lat' dir='ltr'>aetas</span> <span class='ocrx_word' id='word_1_66' title='bbox 687 953 839 1037; x_wconf 89' lang='lat' dir='ltr'>probavit</span> <span class='ocrx_word' id='word_1_67' title='bbox 858 973 930 1017; x_wconf 89' lang='lat' dir='ltr'>cum</span> <span class='ocrx_word' id='word_1_68' title='bbox 950 951 1125 1017; x_wconf 89' lang='lat' dir='ltr'><strong>similibus:</strong></span> <span class='ocrx_word' id='word_1_69' title='bbox 1148 973 1208 1045; x_wconf 88' lang='lat' dir='ltr'>nec</span> <span class='ocrx_word' id='word_1_70' title='bbox 1226 973 1315 1035; x_wconf 87' lang='lat' dir='ltr'>prae-</span> 
     </span>
     <span class='ocr_line' id='line_1_9' title="bbox 167 1057 1314 1145; baseline -0.003 -20"><span class='ocrx_word' id='word_1_71' title='bbox 167 1061 377 1125; x_wconf 82' lang='lat' dir='ltr'>termiscnmt</span> <span class='ocrx_word' id='word_1_72' title='bbox 400 1061 606 1145; x_wconf 82' lang='lat' dir='ltr'>grammatici</span> <span class='ocrx_word' id='word_1_73' title='bbox 624 1063 662 1125; x_wconf 93' lang='lat' dir='ltr'>ut</span> <span class='ocrx_word' id='word_1_74' title='bbox 675 1059 861 1124; x_wconf 84' lang='lat' dir='ltr'><strong>Priscianus</strong></span> <span class='ocrx_word' id='word_1_75' title='bbox 880 1059 896 1124; x_wconf 94' lang='grc' dir='ltr'>Ι</span> <span class='ocrx_word' id='word_1_76' title='bbox 911 1083 941 1144; x_wconf 92' lang='lat' dir='ltr'>p.</span> <span class='ocrx_word' id='word_1_77' title='bbox 956 1059 1032 1143; x_wconf 86' lang='grc'>559,</span> <span class='ocrx_word' id='word_1_78' title='bbox 1055 1058 1168 1123; x_wconf 90' lang='lat' dir='ltr'>Velius</span> <span class='ocrx_word' id='word_1_79' title='bbox 1183 1057 1314 1144; x_wconf 83' lang='lat' dir='ltr'>Longus</span> 
     </span>
     <span class='ocr_line' id='line_1_10' title="bbox 166 1165 1315 1252; baseline -0.002 -20"><span class='ocrx_word' id='word_1_80' title='bbox 166 1190 196 1252; x_wconf 92' lang='lat' dir='ltr'>p.</span> <span class='ocrx_word' id='word_1_81' title='bbox 225 1168 322 1233; x_wconf 80' lang='grc'>2237.</span> <span class='ocrx_word' id='word_1_82' title='bbox 368 1165 454 1232; x_wconf 85' lang='lat' dir='ltr'>Hinc</span> <span class='ocrx_word' id='word_1_83' title='bbox 484 1168 586 1252; x_wconf 83' lang='lat' dir='ltr'>igitur</span> <span class='ocrx_word' id='word_1_84' title='bbox 616 1171 679 1248; x_wconf 90' lang='lat' dir='ltr'>est,</span> <span class='ocrx_word' id='word_1_85' title='bbox 709 1166 795 1252; x_wconf 93' lang='lat' dir='ltr'>quod</span> <span class='ocrx_word' id='word_1_86' title='bbox 825 1189 854 1231; x_wconf 89' lang='lat' dir='ltr'>v.</span> <span class='ocrx_word' id='word_1_87' title='bbox 880 1168 943 1233; x_wconf 82' lang='lat'>182</span> <span class='ocrx_word' id='word_1_88' title='bbox 972 1172 1029 1232; x_wconf 85' lang='lat' dir='ltr'>aut</span> <span class='ocrx_word' id='word_1_89' title='bbox 1055 1168 1170 1232; x_wconf 67' lang='lat' dir='ltr'>ruccas</span> <span class='ocrx_word' id='word_1_90' title='bbox 1196 1166 1315 1248; x_wconf 74' lang='lat' dir='ltr'>russum</span> 
     </span>
     <span class='ocr_line' id='line_1_11' title="bbox 167 1271 1315 1360; baseline 0 -21"><span class='ocrx_word' id='word_1_91' title='bbox 167 1279 224 1340; x_wconf 87' lang='lat' dir='ltr'>aut</span> <span class='ocrx_word' id='word_1_92' title='bbox 240 1275 383 1339; x_wconf 79' lang='lat' dir='ltr'>redemir&#39;</span> <span class='ocrx_word' id='word_1_93' title='bbox 401 1273 469 1355; x_wconf 70' lang='lat' dir='ltr'>sum</span> <span class='ocrx_word' id='word_1_94' title='bbox 487 1278 537 1338; x_wconf 85' lang='lat' dir='ltr'>est</span> <span class='ocrx_word' id='word_1_95' title='bbox 555 1275 589 1338; x_wconf 88' lang='lat' dir='ltr'>in</span> <span class='ocrx_word' id='word_1_96' title='bbox 608 1274 701 1338; x_wconf 92' lang='lat' dir='ltr'><strong>libris</strong></span> <span class='ocrx_word' id='word_1_97' title='bbox 720 1271 842 1360; x_wconf 79' lang='lat' dir='ltr'>mss.*),</span> <span class='ocrx_word' id='word_1_98' title='bbox 859 1274 939 1339; x_wconf 86' lang='lat' dir='ltr'>item</span> <span class='ocrx_word' id='word_1_99' title='bbox 952 1295 1088 1358; x_wconf 78' lang='lat' dir='ltr'>prosus</span> <span class='ocrx_word' id='word_1_100' title='bbox 1107 1295 1166 1357; x_wconf 90' lang='lat' dir='ltr'>pro</span> <span class='ocrx_word' id='word_1_101' title='bbox 1184 1294 1315 1356; x_wconf 71' lang='lat' dir='ltr'>proceres</span> 
     </span>
     <span class='ocr_line' id='line_1_12' title="bbox 168 1378 1315 1466; baseline -0.003 -19"><span class='ocrx_word' id='word_1_102' title='bbox 168 1382 278 1449; x_wconf 63' lang='lat' dir='ltr'>arao</span> <span class='ocrx_word' id='word_1_103' title='bbox 293 1381 327 1445; x_wconf 88' lang='lat' dir='ltr'>in</span> <span class='ocrx_word' id='word_1_104' title='bbox 341 1381 383 1447; x_wconf 89' lang='lat' dir='ltr'>B.</span> <span class='ocrx_word' id='word_1_105' title='bbox 416 1382 587 1446; x_wconf 72' lang='lat' dir='ltr'>Etruscan</span> <span class='ocrx_word' id='word_1_106' title='bbox 610 1380 739 1466; x_wconf 91' lang='lat' dir='ltr'>quidem</span> <span class='ocrx_word' id='word_1_107' title='bbox 758 1385 876 1446; x_wconf 87' lang='lat' dir='ltr'>testem</span> <span class='ocrx_word' id='word_1_108' title='bbox 896 1383 929 1447; x_wconf 91' lang='lat' dir='ltr'><em>B</em></span> <span class='ocrx_word' id='word_1_109' title='bbox 948 1380 1048 1447; x_wconf 90' lang='lat' dir='ltr'>habet</span> <span class='ocrx_word' id='word_1_110' title='bbox 1066 1380 1165 1446; x_wconf 87' lang='lat' dir='ltr'>etiam</span> <span class='ocrx_word' id='word_1_111' title='bbox 1178 1378 1276 1444; x_wconf 88' lang='lat' dir='ltr'>Mero.</span> <span class='ocrx_word' id='word_1_112' title='bbox 1290 1379 1315 1463; x_wconf 94' lang='grc' dir='ltr'>Ι,</span> 
     </span>
     <span class='ocr_line' id='line_1_13' title="bbox 169 1487 1382 1573; baseline -0.004 -18"><span class='ocrx_word' id='word_1_113' title='bbox 169 1492 196 1572; x_wconf 93' lang='grc'>1,</span> <span class='ocrx_word' id='word_1_114' title='bbox 219 1490 262 1555; x_wconf 88' lang='lat'>68</span> <span class='ocrx_word' id='word_1_115' title='bbox 287 1487 358 1572; x_wconf 89' lang='lat' dir='ltr'><strong>(ubi</strong></span> <span class='ocrx_word' id='word_1_116' title='bbox 381 1489 461 1553; x_wconf 89' lang='lat' dir='ltr'>lusit</span> <span class='ocrx_word' id='word_1_117' title='bbox 487 1491 585 1572; x_wconf 90' lang='lat' dir='ltr'>poeta</span> <span class='ocrx_word' id='word_1_118' title='bbox 608 1489 641 1553; x_wconf 91' lang='lat' dir='ltr'>in</span> <span class='ocrx_word' id='word_1_119' title='bbox 663 1509 719 1554; x_wconf 74' lang='lat' dir='ltr'>rus</span> <span class='ocrx_word' id='word_1_120' title='bbox 741 1487 864 1573; x_wconf 65' lang='lat' dir='ltr'>rreum)</span> <span class='ocrx_word' id='word_1_121' title='bbox 892 1492 925 1553; x_wconf 86' lang='lat' dir='ltr'>st</span> <span class='ocrx_word' id='word_1_122' title='bbox 946 1487 988 1572; x_wconf 87' lang='grc' dir='ltr'>ΙΙ,</span> <span class='ocrx_word' id='word_1_123' title='bbox 1011 1491 1041 1573; x_wconf 91' lang='grc'>2,</span> <span class='ocrx_word' id='word_1_124' title='bbox 1065 1489 1117 1571; x_wconf 91' lang='grc'>25,</span> <span class='ocrx_word' id='word_1_125' title='bbox 1140 1487 1315 1571; x_wconf 88' lang='lat' dir='ltr'>eodemque</span> <span class='ocrx_word' id='word_1_126' title='bbox 1380 1556 1382 1560; x_wconf 7' lang='grc' dir='ltr'>μ</span> 
     </span>
     <span class='ocr_line' id='line_1_14' title="bbox 166 1593 1316 1680; baseline -0.003 -19"><span class='ocrx_word' id='word_1_127' title='bbox 166 1597 345 1679; x_wconf 88' lang='lat' dir='ltr'>scripturae</span> <span class='ocrx_word' id='word_1_128' title='bbox 372 1595 560 1679; x_wconf 79' lang='lat' dir='ltr'>depravatio</span> <span class='ocrx_word' id='word_1_129' title='bbox 589 1596 676 1660; x_wconf 90' lang='lat' dir='ltr'>valet</span> <span class='ocrx_word' id='word_1_130' title='bbox 708 1601 742 1660; x_wconf 79' lang='lat' dir='ltr'>tu</span> <span class='ocrx_word' id='word_1_131' title='bbox 773 1596 840 1675; x_wconf 69' lang='lat' dir='ltr'>frenc</span> <span class='ocrx_word' id='word_1_132' title='bbox 867 1595 986 1661; x_wconf 86' lang='lat' dir='ltr'>Persae</span> <span class='ocrx_word' id='word_1_133' title='bbox 1009 1594 1049 1680; x_wconf 91' lang='lat' dir='ltr'>V,</span> <span class='ocrx_word' id='word_1_134' title='bbox 1073 1598 1108 1679; x_wconf 91' lang='grc'>2,</span> <span class='ocrx_word' id='word_1_135' title='bbox 1131 1595 1187 1678; x_wconf 88' lang='grc'>29,</span> <span class='ocrx_word' id='word_1_136' title='bbox 1218 1593 1316 1675; x_wconf 67' lang='lat' dir='ltr'>risum</span> 
     </span>
     <span class='ocr_line' id='line_1_15' title="bbox 168 1699 1314 1786; baseline -0.001 -20"><span class='ocrx_word' id='word_1_137' title='bbox 168 1700 260 1767; x_wconf 62' lang='lat' dir='ltr'>truc.</span> <span class='ocrx_word' id='word_1_138' title='bbox 284 1700 323 1779; x_wconf 87' lang='lat' dir='ltr'>V,</span> <span class='ocrx_word' id='word_1_139' title='bbox 347 1702 377 1785; x_wconf 91' lang='grc'>2,</span> <span class='ocrx_word' id='word_1_140' title='bbox 400 1699 435 1766; x_wconf 84' lang='lat'>5:</span> <span class='ocrx_word' id='word_1_141' title='bbox 458 1702 492 1765; x_wconf 90' lang='lat' dir='ltr'>in</span> <span class='ocrx_word' id='word_1_142' title='bbox 515 1702 585 1766; x_wconf 91' lang='lat' dir='ltr'>solo</span> <span class='ocrx_word' id='word_1_143' title='bbox 609 1702 765 1768; x_wconf 72' lang='lat' dir='ltr'>Crassum</span> <span class='ocrx_word' id='word_1_144' title='bbox 787 1703 914 1786; x_wconf 84' lang='lat' dir='ltr'>repperi</span> <span class='ocrx_word' id='word_1_145' title='bbox 937 1701 1004 1766; x_wconf 86' lang='lat' dir='ltr'><strong>Mil.</strong></span> <span class='ocrx_word' id='word_1_146' title='bbox 1026 1701 1085 1785; x_wconf 87' lang='lat' dir='ltr'>HI,</span> <span class='ocrx_word' id='word_1_147' title='bbox 1111 1705 1139 1786; x_wconf 94' lang='lat'>1,</span> <span class='ocrx_word' id='word_1_148' title='bbox 1165 1703 1235 1768; x_wconf 79' lang='lat'>178.</span> <span class='ocrx_word' id='word_1_149' title='bbox 1275 1701 1314 1766; x_wconf 91' lang='lat' dir='ltr'>In</span> 
     </span>
     <span class='ocr_line' id='line_1_16' title="bbox 164 1807 1315 1892; baseline -0.001 -18"><span class='ocrx_word' id='word_1_150' title='bbox 164 1808 277 1874; x_wconf 90' lang='lat' dir='ltr'>eodem</span> <span class='ocrx_word' id='word_1_151' title='bbox 299 1828 414 1890; x_wconf 68' lang='lat' dir='ltr'>prosto</span> <span class='ocrx_word' id='word_1_152' title='bbox 435 1808 536 1873; x_wconf 83' lang='lat' dir='ltr'>habes</span> <span class='ocrx_word' id='word_1_153' title='bbox 560 1807 741 1891; x_wconf 87' lang='lat' dir='ltr'>Most.i,3,</span> <span class='ocrx_word' id='word_1_154' title='bbox 763 1810 835 1892; x_wconf 87' lang='lat'>149,</span> <span class='ocrx_word' id='word_1_155' title='bbox 852 1830 984 1891; x_wconf 77' lang='lat' dir='ltr'>prosum</span> <span class='ocrx_word' id='word_1_156' title='bbox 1007 1809 1126 1874; x_wconf 86' lang='lat' dir='ltr'>Persas</span> <span class='ocrx_word' id='word_1_157' title='bbox 1150 1808 1208 1892; x_wconf 92' lang='lat' dir='ltr'>IV,</span> <span class='ocrx_word' id='word_1_158' title='bbox 1231 1810 1260 1886; x_wconf 89' lang='grc'>3,</span> <span class='ocrx_word' id='word_1_159' title='bbox 1285 1810 1315 1890; x_wconf 86' lang='grc'>8,</span> 
     </span>
     <span class='ocr_line' id='line_1_17' title="bbox 166 1912 1313 2001; baseline -0.002 -21"><span class='ocrx_word' id='word_1_160' title='bbox 166 1916 202 1981; x_wconf 90' lang='lat' dir='ltr'>in</span> <span class='ocrx_word' id='word_1_161' title='bbox 224 1915 260 1980; x_wconf 87' lang='lat' dir='ltr'><em>B</em></span> <span class='ocrx_word' id='word_1_162' title='bbox 277 1915 419 1998; x_wconf 74' lang='lat' dir='ltr'>pressum</span> <span class='ocrx_word' id='word_1_163' title='bbox 442 1912 522 1982; x_wconf 82' lang='lat' dir='ltr'>Gist.</span> <span class='ocrx_word' id='word_1_164' title='bbox 546 1915 603 1998; x_wconf 90' lang='lat' dir='ltr'>IV,</span> <span class='ocrx_word' id='word_1_165' title='bbox 626 1917 656 1998; x_wconf 92' lang='grc'>2,</span> <span class='ocrx_word' id='word_1_166' title='bbox 679 1916 731 1979; x_wconf 88' lang='grc'>32.</span> <span class='ocrx_word' id='word_1_167' title='bbox 776 1915 996 2001; x_wconf 91' lang='lat' dir='ltr'>Propinquum</span> <span class='ocrx_word' id='word_1_168' title='bbox 1019 1915 1071 1980; x_wconf 88' lang='lat' dir='ltr'><strong>his</strong></span> <span class='ocrx_word' id='word_1_169' title='bbox 1093 1936 1218 1981; x_wconf 79' lang='lat' dir='ltr'>susum</span> <span class='ocrx_word' id='word_1_170' title='bbox 1240 1914 1313 1980; x_wconf 88' lang='lat' dir='ltr'>BD</span> 
     </span>
     <span class='ocr_line' id='line_1_18' title="bbox 167 2018 1314 2108; baseline 0 -21"><span class='ocrx_word' id='word_1_171' title='bbox 167 2027 341 2089; x_wconf 86' lang='lat' dir='ltr'>servarunt</span> <span class='ocrx_word' id='word_1_172' title='bbox 354 2022 471 2108; x_wconf 78' lang='lat' dir='ltr'>Amph.</span> <span class='ocrx_word' id='word_1_173' title='bbox 489 2021 549 2106; x_wconf 87' lang='lat'>111,</span> <span class='ocrx_word' id='word_1_174' title='bbox 568 2030 597 2106; x_wconf 88' lang='grc'>4,</span> <span class='ocrx_word' id='word_1_175' title='bbox 621 2023 672 2106; x_wconf 85' lang='grc'>25,</span> <span class='ocrx_word' id='word_1_176' title='bbox 696 2023 780 2106; x_wconf 93' lang='lat' dir='ltr'>quod</span> <span class='ocrx_word' id='word_1_177' title='bbox 804 2023 838 2086; x_wconf 92' lang='lat' dir='ltr'>in</span> <span class='ocrx_word' id='word_1_178' title='bbox 860 2023 917 2104; x_wconf 75' lang='lat' dir='ltr'>sus</span> <span class='ocrx_word' id='word_1_179' title='bbox 931 2025 997 2087; x_wconf 81' lang='lat' dir='ltr'>iam</span> <span class='ocrx_word' id='word_1_180' title='bbox 1019 2023 1151 2087; x_wconf 88' lang='lat' dir='ltr'>transiit</span> <span class='ocrx_word' id='word_1_181' title='bbox 1174 2018 1253 2086; x_wconf 80' lang='lat' dir='ltr'>Cist.</span> <span class='ocrx_word' id='word_1_182' title='bbox 1272 2021 1314 2108; x_wconf 90' lang='lat' dir='ltr'>Il,</span> 
     </span>
     <span class='ocr_line' id='line_1_19' title="bbox 167 2128 1313 2215; baseline -0.004 -19"><span class='ocrx_word' id='word_1_183' title='bbox 167 2131 199 2213; x_wconf 85' lang='lat'>3,</span> <span class='ocrx_word' id='word_1_184' title='bbox 224 2131 276 2195; x_wconf 80' lang='grc'>78.</span> <span class='ocrx_word' id='word_1_185' title='bbox 320 2129 372 2195; x_wconf 85' lang='lat' dir='ltr'>Ab</span> <span class='ocrx_word' id='word_1_186' title='bbox 394 2129 457 2194; x_wconf 89' lang='lat' dir='ltr'>hac</span> <span class='ocrx_word' id='word_1_187' title='bbox 480 2131 582 2215; x_wconf 80' lang='lat' dir='ltr'>igitur</span> <span class='ocrx_word' id='word_1_188' title='bbox 606 2128 767 2194; x_wconf 90' lang='lat' dir='ltr'>scribendi</span> <span class='ocrx_word' id='word_1_189' title='bbox 790 2130 916 2195; x_wconf 86' lang='lat' dir='ltr'>ratione</span> <span class='ocrx_word' id='word_1_190' title='bbox 940 2129 1076 2212; x_wconf 89' lang='lat' dir='ltr'>profecti</span> <span class='ocrx_word' id='word_1_191' title='bbox 1101 2129 1313 2193; x_wconf 87' lang='lat' dir='ltr'>certissimam</span> 
     </span>
     <span class='ocr_line' id='line_1_20' title="bbox 167 2236 1313 2322; baseline -0.003 -21"><span class='ocrx_word' id='word_1_192' title='bbox 167 2236 367 2322; x_wconf 84' lang='lat' dir='ltr'>eandemque</span> <span class='ocrx_word' id='word_1_193' title='bbox 395 2236 670 2322; x_wconf 83' lang='lat' dir='ltr'>simplicissimam</span> <span class='ocrx_word' id='word_1_194' title='bbox 698 2236 891 2302; x_wconf 89' lang='lat' dir='ltr'>medicinam</span> <span class='ocrx_word' id='word_1_195' title='bbox 914 2259 1015 2322; x_wconf 91' lang='lat' dir='ltr'>prope</span> <span class='ocrx_word' id='word_1_196' title='bbox 1040 2236 1209 2321; x_wconf 88' lang='lat' dir='ltr'>desperato</span> <span class='ocrx_word' id='word_1_197' title='bbox 1233 2236 1313 2299; x_wconf 92' lang='lat' dir='ltr'>mul·</span> 
     </span>
     <span class='ocr_line' id='line_1_21' title="bbox 166 2343 1180 2428; baseline -0.004 -18"><span class='ocrx_word' id='word_1_198' title='bbox 166 2347 339 2428; x_wconf 86' lang='lat' dir='ltr'>torumque</span> <span class='ocrx_word' id='word_1_199' title='bbox 363 2343 555 2409; x_wconf 84' lang='lat' dir='ltr'>coniecturis</span> <span class='ocrx_word' id='word_1_200' title='bbox 579 2348 694 2409; x_wconf 84' lang='lat' dir='ltr'>vexato</span> <span class='ocrx_word' id='word_1_201' title='bbox 718 2345 827 2409; x_wconf 88' lang='lat' dir='ltr'>versui</span> <span class='ocrx_word' id='word_1_202' title='bbox 853 2344 938 2408; x_wconf 89' lang='lat'>1130</span> <span class='ocrx_word' id='word_1_203' title='bbox 961 2344 1180 2408; x_wconf 87' lang='lat' dir='ltr'><strong>adhibuimus:</strong></span> 
     </span>
    </p>
   </div>
   <div class='ocr_carea' id='block_1_3' title="bbox 256 2484 1313 2676">
    <p class='ocr_par' dir='ltr' id='par_1_3' title="bbox 256 2484 1313 2676">
     <span class='ocr_line' id='line_1_22' title="bbox 256 2484 1313 2571; baseline -0.001 -22"><span class='ocrx_word' id='word_1_204' title='bbox 256 2484 342 2549; x_wconf 87' lang='lat' dir='ltr'>Nam</span> <span class='ocrx_word' id='word_1_205' title='bbox 366 2486 567 2571; x_wconf 89' lang='lat' dir='ltr'>beneficium,</span> <span class='ocrx_word' id='word_1_206' title='bbox 590 2486 715 2552; x_wconf 91' lang='lat' dir='ltr'>homini</span> <span class='ocrx_word' id='word_1_207' title='bbox 739 2486 906 2571; x_wconf 90' lang='lat' dir='ltr'>proprium</span> <span class='ocrx_word' id='word_1_208' title='bbox 931 2486 1015 2571; x_wconf 89' lang='lat' dir='ltr'>quod</span> <span class='ocrx_word' id='word_1_209' title='bbox 1039 2486 1142 2570; x_wconf 88' lang='lat' dir='ltr'>datur,</span> <span class='ocrx_word' id='word_1_210' title='bbox 1159 2505 1313 2568; x_wconf 79' lang='lat' dir='ltr'>prosum</span> 
     </span>
     <span class='ocr_line' id='line_1_23' title="bbox 1016 2595 1120 2676; baseline 0 -18"><span class='ocrx_word' id='word_1_211' title='bbox 1016 2595 1120 2676; x_wconf 80' lang='lat' dir='ltr'>perit</span> 
     </span>
    </p>
   </div>
   <div class='ocr_carea' id='block_1_4' title="bbox 159 2733 1366 3896">
    <p class='ocr_par' dir='ltr' id='par_1_4' title="bbox 166 2733 948 2823">
     <span class='ocr_line' id='line_1_24' title="bbox 166 2733 948 2823; baseline -0.004 -19"><span class='ocrx_word' id='word_1_212' title='bbox 166 2760 226 2822; x_wconf 89' lang='lat' dir='ltr'>pro</span> <span class='ocrx_word' id='word_1_213' title='bbox 248 2760 287 2803; x_wconf 93' lang='lat' dir='ltr'>eo</span> <span class='ocrx_word' id='word_1_214' title='bbox 311 2736 398 2823; x_wconf 90' lang='lat' dir='ltr'>quod</span> <span class='ocrx_word' id='word_1_215' title='bbox 421 2737 527 2802; x_wconf 90' lang='lat' dir='ltr'>estin</span> <span class='ocrx_word' id='word_1_216' title='bbox 551 2737 644 2801; x_wconf 89' lang='lat' dir='ltr'>libris</span> <span class='ocrx_word' id='word_1_217' title='bbox 661 2733 948 2823; x_wconf 67' lang='lat' dir='ltr'>presumpserit.**)</span> 
     </span>
    </p>

    <p class='ocr_par' dir='ltr' id='par_1_5' title="bbox 159 2841 1366 3789">
     <span class='ocr_line' id='line_1_25' title="bbox 253 2841 1313 2929; baseline -0.001 -21"><span class='ocrx_word' id='word_1_218' title='bbox 253 2843 304 2908; x_wconf 82' lang='lat' dir='ltr'>&#39;De</span> <span class='ocrx_word' id='word_1_219' title='bbox 334 2844 408 2909; x_wconf 89' lang='lat' dir='ltr'>aliis</span> <span class='ocrx_word' id='word_1_220' title='bbox 437 2844 628 2929; x_wconf 88' lang='lat' dir='ltr'>quibusdam</span> <span class='ocrx_word' id='word_1_221' title='bbox 657 2841 763 2908; x_wconf 89' lang='lat' dir='ltr'>dicam</span> <span class='ocrx_word' id='word_1_222' title='bbox 791 2844 984 2927; x_wconf 88' lang='lat' dir='ltr'>prorniscue.</span> <span class='ocrx_word' id='word_1_223' title='bbox 1029 2841 1234 2927; x_wconf 82' lang='lat' dir='ltr'>Exquisitum</span> <span class='ocrx_word' id='word_1_224' title='bbox 1263 2847 1313 2907; x_wconf 86' lang='lat' dir='ltr'>est</span> 
     </span>
     <span class='ocr_line' id='line_1_26' title="bbox 165 2949 1312 3033; baseline -0.001 -18"><span class='ocrx_word' id='word_1_225' title='bbox 165 2951 201 3015; x_wconf 88' lang='lat' dir='ltr'><strong>iu</strong></span> <span class='ocrx_word' id='word_1_226' title='bbox 231 2950 267 3015; x_wconf 90' lang='lat' dir='ltr'><em>B</em></span> <span class='ocrx_word' id='word_1_227' title='bbox 297 2955 329 3017; x_wconf 90' lang='lat' dir='ltr'>et</span> <span class='ocrx_word' id='word_1_228' title='bbox 363 2952 413 3032; x_wconf 88' lang='lat' dir='ltr'>[ut</span> <span class='ocrx_word' id='word_1_229' title='bbox 445 2949 584 3032; x_wconf 84' lang='lat' dir='ltr'>videtur]</span> <span class='ocrx_word' id='word_1_230' title='bbox 618 2952 649 3015; x_wconf 85' lang='grc' dir='ltr'><em>Α</em></span> <span class='ocrx_word' id='word_1_231' title='bbox 682 2972 710 3015; x_wconf 90' lang='lat' dir='ltr'>v.</span> <span class='ocrx_word' id='word_1_232' title='bbox 734 2951 799 3015; x_wconf 89' lang='grc'>426</span> <span class='ocrx_word' id='word_1_233' title='bbox 832 2954 996 3015; x_wconf 87' lang='lat' dir='ltr'>servatum</span> <span class='ocrx_word' id='word_1_234' title='bbox 1023 2949 1225 3015; x_wconf 80' lang='lat' dir='ltr'>debibcc&#39;stc&#39;</span> <span class='ocrx_word' id='word_1_235' title='bbox 1252 2970 1312 3033; x_wconf 89' lang='lat' dir='ltr'>pro</span> 
     </span>
     <span class='ocr_line' id='line_1_27' title="bbox 164 3056 1366 3144; baseline -0.004 -21"><span class='ocrx_word' id='word_1_236' title='bbox 164 3058 303 3138; x_wconf 60' lang='lat' dir='ltr'>Maesti,</span> <span class='ocrx_word' id='word_1_237' title='bbox 326 3057 417 3123; x_wconf 87' lang='lat' dir='ltr'>cuius</span> <span class='ocrx_word' id='word_1_238' title='bbox 437 3058 576 3123; x_wconf 89' lang='lat' dir='ltr'>alterum</span> <span class='ocrx_word' id='word_1_239' title='bbox 600 3058 780 3142; x_wconf 84' lang='lat' dir='ltr'>exemplum</span> <span class='ocrx_word' id='word_1_240' title='bbox 804 3057 934 3143; x_wconf 79' lang='lat' dir='ltr'>ignoro:</span> <span class='ocrx_word' id='word_1_241' title='bbox 958 3057 1210 3144; x_wconf 83' lang='lat' dir='ltr'>comparandum</span> <span class='ocrx_word' id='word_1_242' title='bbox 1233 3056 1313 3120; x_wconf 86' lang='lat' dir='ltr'><strong>iilud</strong></span> <span class='ocrx_word' id='word_1_243' title='bbox 1327 3077 1366 3118; x_wconf 92' lang='lat' dir='ltr'>cv</span> 
     </span>
     <span class='ocr_line' id='line_1_28' title="bbox 166 3162 1313 3252; baseline -0.004 -20"><span class='ocrx_word' id='word_1_244' title='bbox 166 3188 239 3232; x_wconf 90' lang='lat' dir='ltr'>cum</span> <span class='ocrx_word' id='word_1_245' title='bbox 252 3162 558 3252; x_wconf 55' lang='lat' dir='ltr'>praehiberem),</span> <span class='ocrx_word' id='word_1_246' title='bbox 577 3188 675 3250; x_wconf 89' lang='lat' dir='ltr'>quam</span> <span class='ocrx_word' id='word_1_247' title='bbox 689 3166 824 3230; x_wconf 86' lang='lat' dir='ltr'>Plautus</span> <span class='ocrx_word' id='word_1_248' title='bbox 838 3167 977 3230; x_wconf 85' lang='lat' dir='ltr'>formam</span> <span class='ocrx_word' id='word_1_249' title='bbox 993 3166 1095 3231; x_wconf 84' lang='lat' dir='ltr'>solam</span> <span class='ocrx_word' id='word_1_250' title='bbox 1114 3165 1218 3229; x_wconf 91' lang='lat' dir='ltr'>novit:</span> <span class='ocrx_word' id='word_1_251' title='bbox 1237 3187 1313 3228; x_wconf 89' lang='lat' dir='ltr'>nam</span> 
     </span>
     <span class='ocr_line' id='line_1_29' title="bbox 159 3272 1313 3357; baseline -0.002 -20"><span class='ocrx_word' id='word_1_252' title='bbox 159 3273 307 3357; x_wconf 79' lang='lat' dir='ltr'>praebere</span> <span class='ocrx_word' id='word_1_253' title='bbox 332 3273 367 3337; x_wconf 91' lang='lat' dir='ltr'>in</span> <span class='ocrx_word' id='word_1_254' title='bbox 394 3273 530 3338; x_wconf 88' lang='lat' dir='ltr'>noviciis</span> <span class='ocrx_word' id='word_1_255' title='bbox 558 3276 686 3338; x_wconf 84' lang='lat' dir='ltr'>tantum</span> <span class='ocrx_word' id='word_1_256' title='bbox 712 3273 806 3337; x_wconf 92' lang='lat' dir='ltr'><strong>libris</strong></span> <span class='ocrx_word' id='word_1_257' title='bbox 834 3275 951 3337; x_wconf 84' lang='lat' dir='ltr'>exstat.</span> <span class='ocrx_word' id='word_1_258' title='bbox 973 3309 1015 3319; x_wconf 88' lang='lat'>—</span> <span class='ocrx_word' id='word_1_259' title='bbox 1039 3272 1179 3356; x_wconf 84' lang='lat' dir='ltr'>Respuit</span> <span class='ocrx_word' id='word_1_260' title='bbox 1206 3275 1313 3336; x_wconf 88' lang='lat' dir='ltr'>autem</span> 
     </span>
     <span class='ocr_line' id='line_1_30' title="bbox 166 3377 1314 3466; baseline -0.006 -19"><span class='ocrx_word' id='word_1_261' title='bbox 166 3381 346 3466; x_wconf 86' lang='lat' dir='ltr'>antiquitas</span> <span class='ocrx_word' id='word_1_262' title='bbox 374 3380 525 3445; x_wconf 82' lang='lat' dir='ltr'>vitiosam</span> <span class='ocrx_word' id='word_1_263' title='bbox 548 3382 754 3463; x_wconf 70' lang='lat' dir='ltr'>nequidqqam</span> <span class='ocrx_word' id='word_1_264' title='bbox 776 3379 929 3464; x_wconf 82' lang='lat' dir='ltr'>formam,</span> <span class='ocrx_word' id='word_1_265' title='bbox 956 3402 1015 3464; x_wconf 90' lang='lat' dir='ltr'>pro</span> <span class='ocrx_word' id='word_1_266' title='bbox 1040 3402 1103 3464; x_wconf 88' lang='lat' dir='ltr'>qua</span> <span class='ocrx_word' id='word_1_267' title='bbox 1125 3378 1203 3443; x_wconf 91' lang='lat' dir='ltr'>boni</span> <span class='ocrx_word' id='word_1_268' title='bbox 1226 3377 1314 3441; x_wconf 88' lang='lat' dir='ltr'>codi-</span> 
     </span>
     <span class='ocr_line' id='line_1_31' title="bbox 166 3485 1313 3572; baseline -0.004 -20"><span class='ocrx_word' id='word_1_269' title='bbox 166 3509 220 3553; x_wconf 91' lang='lat' dir='ltr'>ces</span> <span class='ocrx_word' id='word_1_270' title='bbox 250 3493 380 3553; x_wconf 86' lang='lat' dir='ltr'>tantum</span> <span class='ocrx_word' id='word_1_271' title='bbox 406 3510 472 3553; x_wconf 90' lang='lat' dir='ltr'>non</span> <span class='ocrx_word' id='word_1_272' title='bbox 500 3510 629 3572; x_wconf 91' lang='lat' dir='ltr'>semper</span> <span class='ocrx_word' id='word_1_273' title='bbox 655 3489 877 3570; x_wconf 80' lang='lat' dir='ltr'>nequiquam</span> <span class='ocrx_word' id='word_1_274' title='bbox 904 3490 1031 3570; x_wconf 82' lang='lat' dir='ltr'>tenent,</span> <span class='ocrx_word' id='word_1_275' title='bbox 1059 3490 1095 3550; x_wconf 93' lang='lat' dir='ltr'>ut</span> <span class='ocrx_word' id='word_1_276' title='bbox 1118 3508 1146 3550; x_wconf 93' lang='lat' dir='ltr'>v.</span> <span class='ocrx_word' id='word_1_277' title='bbox 1169 3485 1249 3550; x_wconf 74' lang='lat'><strong>973:</strong></span> <span class='ocrx_word' id='word_1_278' title='bbox 1278 3488 1313 3547; x_wconf 90' lang='lat' dir='ltr'>ut</span> 
     </span>
     <span class='ocr_line' id='line_1_32' title="bbox 166 3592 1312 3681; baseline -0.004 -21"><span class='ocrx_word' id='word_1_279' title='bbox 166 3616 301 3679; x_wconf 88' lang='lat' dir='ltr'>prorsus</span> <span class='ocrx_word' id='word_1_280' title='bbox 324 3599 602 3681; x_wconf 89' lang='lat' dir='ltr'>praetermorem</span> <span class='ocrx_word' id='word_1_281' title='bbox 626 3596 677 3660; x_wconf 92' lang='lat' dir='ltr'><strong>bis</strong></span> <span class='ocrx_word' id='word_1_282' title='bbox 701 3594 734 3659; x_wconf 93' lang='lat' dir='ltr'>in</span> <span class='ocrx_word' id='word_1_283' title='bbox 757 3617 822 3660; x_wconf 86' lang='lat' dir='ltr'>una</span> <span class='ocrx_word' id='word_1_284' title='bbox 844 3593 965 3676; x_wconf 87' lang='lat' dir='ltr'>fabula,</span> <span class='ocrx_word' id='word_1_285' title='bbox 993 3616 1021 3658; x_wconf 92' lang='lat' dir='ltr'>v.</span> <span class='ocrx_word' id='word_1_286' title='bbox 1044 3593 1120 3658; x_wconf 87' lang='grc'><strong>440.</strong></span> <span class='ocrx_word' id='word_1_287' title='bbox 1144 3592 1217 3677; x_wconf 86' lang='grc'>565,</span> <span class='ocrx_word' id='word_1_288' title='bbox 1240 3613 1312 3675; x_wconf 90' lang='lat' dir='ltr'>pra·</span> 
     </span>
     <span class='ocr_line' id='line_1_33' title="bbox 166 3698 1011 3789; baseline -0.001 -22"><span class='ocrx_word' id='word_1_289' title='bbox 166 3723 227 3767; x_wconf 86' lang='lat' dir='ltr'>vae</span> <span class='ocrx_word' id='word_1_290' title='bbox 251 3703 430 3789; x_wconf 88' lang='lat' dir='ltr'>scripturae</span> <span class='ocrx_word' id='word_1_291' title='bbox 454 3703 595 3787; x_wconf 83' lang='lat' dir='ltr'>vestigia</span> <span class='ocrx_word' id='word_1_292' title='bbox 618 3703 652 3768; x_wconf 90' lang='lat' dir='ltr'>in</span> <span class='ocrx_word' id='word_1_293' title='bbox 675 3703 751 3768; x_wconf 90' lang='lat' dir='ltr'>illos</span> <span class='ocrx_word' id='word_1_294' title='bbox 774 3698 1011 3786; x_wconf 88' lang='lat' dir='ltr'>irrepserint.†)</span> 
     </span>
    </p>

    <p class='ocr_par' dir='ltr' id='par_1_6' title="bbox 259 3807 1312 3896">
     <span class='ocr_line' id='line_1_34' title="bbox 259 3807 1312 3896; baseline -0.004 -22"><span class='ocrx_word' id='word_1_295' title='bbox 259 3807 372 3875; x_wconf 77' lang='lat' dir='ltr'>Certus</span> <span class='ocrx_word' id='word_1_296' title='bbox 402 3813 509 3876; x_wconf 87' lang='lat' dir='ltr'>autem</span> <span class='ocrx_word' id='word_1_297' title='bbox 539 3811 703 3877; x_wconf 87' lang='lat' dir='ltr'>cautiones</span> <span class='ocrx_word' id='word_1_298' title='bbox 733 3811 887 3896; x_wconf 90' lang='lat' dir='ltr'>quasdam</span> <span class='ocrx_word' id='word_1_299' title='bbox 916 3808 1152 3894; x_wconf 84' lang='lat' dir='ltr'>interrogativa</span> <span class='ocrx_word' id='word_1_300' title='bbox 1174 3828 1217 3873; x_wconf 79' lang='lat' dir='ltr'>ce</span> <span class='ocrx_word' id='word_1_301' title='bbox 1239 3828 1312 3890; x_wconf 87' lang='lat' dir='ltr'>par·</span> 
     </span>
    </p>
   </div>
   <div class='ocr_carea' id='block_1_5' title="bbox 222 4021 1037 4359">
    <p class='ocr_par' dir='ltr' id='par_1_7' title="bbox 257 4021 951 4093">
     <span class='ocr_line' id='line_1_35' title="bbox 257 4021 951 4093; baseline -0.004 -16"><span class='ocrx_word' id='word_1_302' title='bbox 257 4025 283 4091; x_wconf 66' lang='lat'>⁸)</span> <span class='ocrx_word' id='word_1_303' title='bbox 302 4022 354 4091; x_wconf 85' lang='lat' dir='ltr'><strong>[Cf.</strong></span> <span class='ocrx_word' id='word_1_304' title='bbox 376 4022 476 4093; x_wconf 89' lang='lat' dir='ltr'>Opusc.</span> <span class='ocrx_word' id='word_1_305' title='bbox 495 4021 565 4092; x_wconf 90' lang='lat' dir='ltr'>phil.</span> <span class='ocrx_word' id='word_1_306' title='bbox 584 4023 610 4076; x_wconf 89' lang='lat'>11</span> <span class='ocrx_word' id='word_1_307' title='bbox 628 4041 654 4092; x_wconf 91' lang='lat' dir='ltr'>p.</span> <span class='ocrx_word' id='word_1_308' title='bbox 674 4026 734 4076; x_wconf 77' lang='lat'>269.</span> <span class='ocrx_word' id='word_1_309' title='bbox 755 4026 806 4074; x_wconf 75' lang='lat'>544</span> <span class='ocrx_word' id='word_1_310' title='bbox 818 4039 859 4090; x_wconf 91' lang='lat' dir='ltr'>sq.</span> <span class='ocrx_word' id='word_1_311' title='bbox 880 4023 951 4090; x_wconf 69' lang='lat'>715]</span> 
     </span>
    </p>

    <p class='ocr_par' dir='ltr' id='par_1_8' title="bbox 222 4109 1037 4272">
     <span class='ocr_line' id='line_1_36' title="bbox 242 4109 1037 4181; baseline -0.005 -13"><span class='ocrx_word' id='word_1_312' title='bbox 242 4115 285 4181; x_wconf 75' lang='grc'>**)</span> <span class='ocrx_word' id='word_1_313' title='bbox 305 4113 534 4181; x_wconf 70' lang='lat' dir='ltr'>[praesumperit</span> <span class='ocrx_word' id='word_1_314' title='bbox 552 4111 608 4166; x_wconf 85' lang='lat' dir='ltr'>iam</span> <span class='ocrx_word' id='word_1_315' title='bbox 627 4109 801 4165; x_wconf 86' lang='lat' dir='ltr'>Boxhornius</span> <span class='ocrx_word' id='word_1_316' title='bbox 820 4109 1037 4178; x_wconf 85' lang='lat' dir='ltr'>emendaverat]</span> 
     </span>
     <span class='ocr_line' id='line_1_37' title="bbox 222 4198 791 4272; baseline -0.011 -15"><span class='ocrx_word' id='word_1_317' title='bbox 222 4204 282 4267; x_wconf 69' lang='lat'>”⁴¹1</span> <span class='ocrx_word' id='word_1_318' title='bbox 302 4200 356 4272; x_wconf 80' lang='lat' dir='ltr'><strong>[Cf.</strong></span> <span class='ocrx_word' id='word_1_319' title='bbox 377 4200 478 4270; x_wconf 88' lang='lat' dir='ltr'>Opusc.</span> <span class='ocrx_word' id='word_1_320' title='bbox 497 4199 567 4270; x_wconf 89' lang='lat' dir='ltr'>phil.</span> <span class='ocrx_word' id='word_1_321' title='bbox 587 4200 610 4253; x_wconf 87' lang='lat'>11</span> <span class='ocrx_word' id='word_1_322' title='bbox 630 4217 656 4267; x_wconf 85' lang='lat' dir='ltr'>p.</span> <span class='ocrx_word' id='word_1_323' title='bbox 677 4198 791 4265; x_wconf 69' lang='lat' dir='ltr'>eooqu</span> 
     </span>
    </p>

    <p class='ocr_par' dir='ltr' id='par_1_9' title="bbox 258 4287 833 4359">
     <span class='ocr_line' id='line_1_38' title="bbox 258 4287 833 4359; baseline -0.009 -15"><span class='ocrx_word' id='word_1_324' title='bbox 258 4290 287 4358; x_wconf 91' lang='lat'>†)</span> <span class='ocrx_word' id='word_1_325' title='bbox 307 4288 360 4359; x_wconf 81' lang='lat' dir='ltr'><strong>[Of.</strong></span> <span class='ocrx_word' id='word_1_326' title='bbox 378 4288 450 4344; x_wconf 87' lang='lat' dir='ltr'>Nov.</span> <span class='ocrx_word' id='word_1_327' title='bbox 470 4305 528 4343; x_wconf 86' lang='lat' dir='ltr'>exc.</span> <span class='ocrx_word' id='word_1_328' title='bbox 548 4288 638 4342; x_wconf 81' lang='lat' dir='ltr'>Plaut.</span> <span class='ocrx_word' id='word_1_329' title='bbox 660 4287 716 4356; x_wconf 82' lang='lat' dir='ltr'>lp.</span> <span class='ocrx_word' id='word_1_330' title='bbox 737 4288 833 4355; x_wconf 76' lang='lat' dir='ltr'>57qu</span> 
     </span>
    </p>
   </div>
   <div class='ocr_carea' id='block_1_6' title="bbox 0 0 1486 5032">
    <p class='ocr_par' dir='ltr' id='par_1_10' title="bbox 0 0 1486 5032">
     <span class='ocr_line' id='line_1_39' title="bbox 0 0 1486 5032; baseline 0 0"><span class='ocrx_word' id='word_1_331' title='bbox 0 0 1486 5032; x_wconf 95' lang='lat' dir='ltr'> </span> 
     </span>
    </p>
   </div>
  </div>
 </body>
</html>
