2962 5032
485 291 745 341 nsmnnlmoms
769 293 978 341 uurvmnsu.
1236 276 1301 342 383

147 453 216 516 {nu
241 433 346 498 cedern
367 433 473 498 forme
489 436 680 521 revocanda,
704 437 754 501 vel
774 460 802 502 v.
817 438 881 503 507
905 438 970 517 tusi,
993 437 1044 501 vel
1063 440 1100 501 ut
1118 458 1182 502 uno
1201 437 1301 503 verbo

147 537 274 625 licam,
306 563 327 605 u
350 538 544 608 Schueidero
572 566 602 627 p.
627 545 690 609 718
706 567 774 629 sqq.
804 545 905 610 alluta
932 545 1085 630 pleraque
1108 544 1233 630 omnic,
1264 549 1302 610 ut

147 646 298 713 unroco
329 651 540 715 incommodus
565 649 707 732 proficio
740 652 838 717 hodor
867 651 962 717 botuli
992 651 1111 734 &pom
1145 651 1302 734 siptumrcs

147 756 275 820 istendo
297 755 427 822 dbsurds
444 757 565 840 ibeeqm
582 759 715 841 isquam
732 759 890 842 cipiepors
906 759 1050 840 sotztitia,
1074 780 1212 842 quorum
1235 779 1300 823 non

147 861 264 928 dicum
291 861 388 927 fidem
417 864 541 929 nullam
570 887 653 950 esse,
686 865 742 930 sed
769 887 810 930 ne
837 865 987 931 umbram
1016 864 1146 951 quidem
1174 864 1300 949 fidei.*)

147 1074 332 1144 Quemquam
360 1074 417 1131 eliu
443 1076 581 1145 quaedum
610 1078 675 1132 suut
701 1077 731 1131 in
755 1076 931 1145 Trinummo,
958 1093 1030 1146 quae
1052 1092 1152 1147 reupse
1175 1074 1300 1131 nescium

147 1181 237 1233 quum
256 1182 417 1222 mensurum
434 1165 539 1221 hebere
558 1165 712 1221 editoribus
730 1166 792 1221 vise
815 1166 880 1221 sint.
916 1165 1003 1221 Velut
1021 1165 1069 1237 qui
1087 1184 1113 1221 v.
1134 1170 1186 1220 984
1204 1164 1299 1221 (iume-

147 1253 220 1309 mrii
239 1254 408 1325 scripturam
431 1270 488 1309 non
506 1254 586 1309 illuso
608 1256 813 1326 propagarunt,
840 1258 935 1310 utrum
954 1254 1119 1325 corripuisse
1137 1272 1194 1310 noso
1212 1255 1299 1325 perti·

147 1343 246 1397 culum
270 1359 307 1398 an
330 1361 362 1398 ae
384 1342 592 1415 diphthongum
617 1342 779 1399 credemus?
818 1343 870 1398 lllo
893 1345 988 1399 sutem
1010 1361 1093 1399 versu
1112 1348 1165 1397 '124
1188 1341 1301 1398 elismsi

147 1432 293 1502 corripere
312 1427 449 1487 iduorsus
466 1431 574 1502 liceret,
591 1432 681 1489 nihilo
699 1435 795 1489 tumen
813 1432 903 1503 magis
920 1449 976 1488 oreo
995 1449 1040 1488 ero
1058 1432 1145 1488 verbs
1162 1431 1233 1487 odeo
1251 1430 1300 1487 de-

150 1521 284 1577 litescere
309 1519 517 1592 pronuntiando
543 1523 670 1591 possent:
698 1525 749 1592 qui
774 1537 831 1577 meo
856 1538 901 1578 ero
928 1523 1071 1577 adversm
1115 1521 1179 1576 Nou
1203 1520 1300 1591 inepte

151 1609 241 1680 igitur
268 1625 422 1679 pronomen
448 1608 567 1664 Bothius
595 1610 774 1680 expungebut
799 1609 880 1682 [item
903 1609 1073 1666 Ritechelius
1101 1609 1132 1665 iu
1159 1610 1202 1665 ed.
1222 1610 1301 1681 ult]:

155 1698 232 1767 quod
250 1700 346 1754 tumen
362 1698 540 1770 transpositis
557 1701 648 1769 spolio
665 1700 707 1754 ibi
724 1698 840 1755 vocibus
858 1699 900 1755 sic
918 1699 1085 1755 servandum
1103 1698 1247 1755 duximus:

225 1789 264 1860 llo
281 1807 429 1875 capturum
447 1805 488 1860 ibi
507 1805 599 1876 spoliu
616 1806 698 1860 illum
717 1805 765 1877 qui
783 1807 846 1862 mdo
865 1823 912 1862 ero
931 1806 1066 1862 eduorsus
1084 1807 1201 1862 nouerit
1289 1859 1291 1862 Α

152 1912 227 1967 Num
247 1911 281 1967 de
300 1914 418 1968 accentu
435 1913 465 1967 in
482 1913 584 1969 ultime
601 1914 681 1968 elium
698 1913 829 1969 vocabuli
846 1913 905 1968 noli
923 1913 1074 1982 quicquum
1093 1913 1192 1971 vereri.
1225 1913 1300 1969 Enu-

153 2002 219 2056 dem
238 2003 386 2056 occentum
403 2002 491 2057 hebes
510 2003 547 2058 sb
565 2001 648 2057 initio
667 2009 793 2058 versus3
813 2004 897 2069 adest,
915 2005 948 2058 ἐπ
966 2003 1032 2058 illoc'
1044 2003 1097 2074 [cm
1110 2000 1219 2073 eilucc']
1234 2006 1301 2056 sunt

155 2091 243 2157 uiden,
260 2108 287 2144 v.
307 2095 358 2145 878
377 2092 437 2144 ector
455 2095 487 2144 tu
504 2091 584 2145 illum
601 2107 654 2160 quo
671 2093 774 2162 penore,
792 2109 817 2153 v,
838 2096 889 2146 996
907 2092 953 2146 ibo
972 2093 1010 2146 ud
1027 2092 1106 2146 illum
1124 2091 1299 2156 rmrtntiubm

153 2178 183 2232 in
200 2178 256 2233 line
273 2194 405 2233 versuum
423 2184 476 2234 483
494 2181 531 2234 oo
546 2195 593 2249 epo
611 2181 694 2234 istum
712 2181 808 2246 uelim,
826 2185 878 2234 455
897 2197 962 2235 num
980 2181 1060 2235 illem
1078 2181 1143 2247 tibi,
1161 2185 1213 2234 811
1232 2180 1300 2249 quid

152 2267 234 2322 mom
245 2272 344 2337 putam
361 2266 391 2321 in
406 2266 506 2323 mediis
520 2268 646 2324 versibus
660 2274 711 2324 923
726 2269 775 2338 qui
792 2269 875 2323 istim
893 2269 924 2324 di
937 2271 1068 2339 perdunt,
1086 2273 1138 2324 928
1155 2269 1204 2338 pol
1221 2269 1300 2324 sittim

151 2357 266 2426 reliqui,
294 2362 346 2411 957
366 2355 413 2428 [cf.
432 2373 496 2415 nun.
516 2355 559 2411 ed.
579 2357 640 2428 alt]
660 2359 685 2411 et
702 2373 749 2428 epo
767 2357 846 2411 ellum
863 2373 974 2412 possen.
1013 2357 1088 2423 Quos
1106 2355 1221 2425 quidem
1238 2373 1299 2413 ver·

152 2461 202 2500 sus
225 2445 456 2512 commemoravi,
485 2448 517 2500 ut
539 2446 729 2516 exemplorum
751 2445 933 2501 multitudine
951 2446 1119 2501 Bothiunum
1142 2445 1299 2502 doctrinam

152 2533 296 2605 quendum
320 2538 487 2591 everterem:
515 2535 540 2589 is
563 2536 637 2590 enim
659 2534 690 2590 in
708 2535 813 2591 talibus
832 2534 928 2604 aliquo
945 2533 1034 2590 fulcro
1054 2551 1123 2604 opus
1142 2549 1203 2590 esse
1222 2536 1299 2589 retus

151 2623 330 2693 saepiuscule
348 2626 449 2693 (neque
468 2624 542 2679 euim
561 2623 615 2679 sibi
634 2624 772 2694 constitit)
791 2625 908 2690 illaec,
927 2625 1050 2690 illunc,
1063 2624 1178 2678 istunc
1195 2623 1300 2679 formes
1383 2621 1385 2624 ’

151 2713 185 2766 et
200 2712 289 2769 tecito
312 2715 342 2768 et
363 2713 443 2768 nullu
460 2730 573 2783 prorsus
592 2713 760 2769 necessitute
778 2713 893 2769 invexit
930 2712 972 2767 lix
990 2712 1120 2768 omuibus
1137 2715 1235 2769 tumen
1253 2729 1298 2769 ex·

150 2800 255 2871 emplis
278 2799 315 2855 ud
338 2798 428 2871 illius,
455 2816 547 2871 equo
570 2800 689 2871 profecti
707 2818 817 2873 sumus,
844 2817 940 2857 versus
959 2800 1171 2857 similitudinem
1189 2801 1299 2857 nullum

154 2889 272 2960 propius
291 2905 375 2958 quam
394 2908 420 2946 v.
441 2896 491 2946 851
511 2889 634 2945 accedi:

226 2995 308 3063 Quod
326 2996 422 3065 hebes,
440 2997 476 3050 ne
494 2997 608 3065 hebebs,
627 2999 657 3052 et
672 2996 741 3052 ilhic
760 2997 836 3068 quod
854 3000 910 3053 non
929 2997 1030 3067 hebes,
1048 2997 1166 3067 hubeis,
1184 2996 1297 3053 malum.

151 3103 243 3170 Quem
262 3103 312 3173 qui
328 3102 370 3159 sic
388 3103 561 3159 metiendum
580 3104 724 3174 putarunt:
746 3104 826 3174 Quod
842 3106 923 3160 bohen
936 3122 970 3160 ne
984 3105 1093 3173 hubenc,
1110 3105 1216 3161 Μῖνα
1228 3105 1300 3175 quod

151 3209 231 3248 nunc
248 3193 305 3248 nou
322 3193 349 3247 h.
367 3193 393 3247 t.
412 3210 457 3260 uu,
479 3193 610 3248 elidendo
634 3209 668 3248 ns
691 3193 892 3249 commiserunt
909 3194 985 3264 quod
1002 3194 1047 3249 uis
1066 3197 1096 3250 et
1112 3194 1299 3266 perspicuitas

153 3283 310 3339 sententiae
329 3282 407 3338 nullo
425 3282 510 3339 modo
529 3283 703 3353 petiebatur:
723 3284 807 3351 utque
822 3285 924 3340 omisso
938 3301 1014 3341 nuce
1026 3287 1138 3341 nostum
1152 3299 1299 3340 mensurno

152 3374 297 3444 praeclare
315 3372 515 3428 Ambrosianus
534 3371 678 3428 succurrit

243 3497 270 3567 ³)
294 3495 425 3553 Omnium
448 3497 568 3553 maxime
591 3497 621 3552 in
639 3499 828 3553 transversum
847 3497 1049 3566 pruveopinio
1068 3496 1207 3566 corrigit,
1229 3511 1299 3566 quos

154 3585 261 3643 slicubi
278 3588 398 3658 probare
417 3582 562 3641 cinsiiisom
580 3585 707 3642 memini:
727 3603 825 3656 parum
843 3583 908 3641 illos
927 3584 1059 3641 lfflullii
1078 3602 1225 3654 memores,
1243 3600 1298 3654 quo

153 3678 227 3731 teste
250 3678 280 3732 et
300 3678 419 3732 insessos
442 3677 472 3732 et
493 3677 594 3743 infelix
617 3677 646 3730 et
669 3676 810 3730 oosssuerm
828 3676 858 3728 et
875 3674 991 3741 confecit
1008 3673 1146 3743 producte
1163 3672 1199 3728 ab
1217 3671 1298 3727 initio

155 3764 249 3822 voccli
266 3766 449 3836 pronuntiatu
467 3767 531 3819 sunt
550 3781 613 3820 cum
632 3763 769 3819 similibus
787 3761 916 3819 omnibus
934 3762 1021 3831 (Oret
1041 3779 1064 3818 c.
1079 3764 1133 3831 48).
1152 3793 1187 3802 -
1205 3761 1238 3816 Iu
1256 3762 1298 3816 tu·
1396 3763 1399 3767 '

154 3853 225 3909 lium
242 3856 348 3923 sutem,
367 3855 462 3925 quotie
480 3854 676 3925 supraposui,
695 3851 886 3908 defensoribus
904 3851 991 3907 miror
1008 3851 1095 3907 etium
1113 3850 1175 3906 suni
1192 3851 1299 3906 cetero·

154 3944 210 4015 qui
222 3943 319 3999 iudicii
337 3944 428 3999 virum
447 3944 671 4014 Kumpmennum
690 3958 762 4011 osse,
787 3941 836 4011 qui
854 3941 888 3995 de
907 3941 964 3996 reb.
984 3939 1042 3996 mil.
1069 3940 1111 3996 Pl.
1137 3956 1165 4009 p.
1184 3945 1218 3994 99
1242 3954 1299 3993 non

154 4033 239 4089 modo
263 4030 341 4103 ἔναυ,
368 4032 418 4088 sed
441 4027 584 4103 ‹irpentum
607 4033 637 4086 et
658 4031 748 4086 multo
771 4031 858 4085 etium
880 4029 1017 4100 rigidiora
1037 4028 1116 4084 nullo
1139 4027 1223 4083 modo
1246 4026 1299 4081 sibi

155 4121 228 4192 eripi
246 4138 345 4192 puseus
363 4123 509 4190 tamquam
526 4121 556 4175 in
575 4120 637 4175 sinu
656 4119 733 4175 fovit
767 4119 881 4175 Adeone
895 4119 983 4189 igitur
1000 4118 1156 4174 inauditum
1175 4119 1220 4172 ost
1237 4118 1298 4172 uu-

153 4211 249 4265 tillum
272 4210 417 4266 turbatum
440 4227 500 4266 esse
523 4211 553 4265 in
576 4209 655 4264 libris
679 4208 810 4278 quantilli
834 4208 989 4263 mutatione
1017 4207 1087 4263 levis
1114 4207 1147 4261 fit
1164 4223 1180 4262 e
1199 4206 1297 4262 scebro

155 4299 293 4355 versiculo
313 4298 391 4354 Cure.
411 4299 445 4368 V,
464 4306 490 4368 2,
511 4304 556 4352 15:

228 4407 308 4473 Quod
322 4407 478 4478 ingenium,
497 4423 567 4474 quus
582 4408 613 4459 tu
627 4404 698 4458 mihi
712 4404 797 4460 trices
811 4411 926 4460 narres?
945 4420 1029 4473 qnam
1047 4405 1080 4458 tu
1098 4401 1236 4473 uirginem
1245 4408 1298 4458 -?
