2962 5032
463 308 725 356 auaunsrrours
750 309 956 357 ninivrruua.
1225 294 1288 357 309

89 426 337 536 t›serpolatam
361 451 506 536 qualium
529 451 565 515 in
588 473 721 517 numero
745 473 819 517 cum
837 454 877 518 H
896 456 966 517 tum
986 453 1024 517 K
1043 458 1128 536 sunt,
1151 453 1290 517 fortasse

101 558 239 624 §tiam
269 558 316 624 Io.
344 557 514 640 Baptistae
545 558 596 622 Pii
628 558 770 642 itemque
803 557 951 642 Dionysii
983 557 1132 625 Lambini
1167 558 1289 643 ‘prisca

117 663 356 751 Quemplaria'
384 664 435 730 vel
464 663 606 749 ‘antiqui
634 665 781 750 codices',
810 667 865 751 qui
895 670 1006 732 tamen
1029 670 1167 751 possunt
1190 665 1287 730 etiarn

137 788 275 857 prorsus
295 772 431 858 congrui
448 795 521 839 oum
543 773 636 838 FEb
659 772 768 837 fuisse.

230 879 283 944 Ad
311 879 448 944 mixtum
475 885 585 945 autem
614 900 716 964 genus
744 880 804 945 etsi
834 880 866 944 Z
885 880 1031 963 proxime
1060 880 1196 963 accedit,
1223 902 1289 945 non

147 992 251 1052 tamen
280 987 340 1051 tali
368 1009 385 1052 s
413 986 521 1052 codice
550 1009 701 1071 expressa
731 991 793 1051 est:
825 987 924 1051 immo
953 991 1010 1052 aut
1038 987 1154 1052 similis
1183 987 1288 1053 nostri
1302 1004 1380 1044 11111

143 1096 176 1160 Ε
202 1095 286 1160 liber
315 1093 458 1159 Merulae
489 1099 618 1178 praesto
649 1094 711 1159 fuit
741 1098 911 1178 utramque
941 1095 974 1158 in
1006 1116 1040 1158 se
1069 1095 1288 1160 recensionem

142 1202 283 1285 socians,
314 1205 385 1285 aut,
414 1200 500 1285 quod
530 1200 694 1265 lubentius
725 1199 917 1283 amplector,
949 1200 1075 1264 duobus
1105 1199 1160 1264 ille
1190 1199 1286 1265 simul

142 1330 220 1373 usus
248 1311 311 1391 est,
338 1330 474 1392 quorum
503 1308 585 1372 alter
613 1306 896 1390 interpolationem
925 1306 1099 1391 integram,
1127 1307 1287 1392 integram

142 1413 310 1480 Vrsiniani
337 1414 530 1498 scripturam
559 1414 641 1478 alter
670 1413 813 1478 referret.
860 1413 907 1477 De
937 1412 1128 1480 Trinummo
1159 1416 1286 1499 loquor:

139 1544 215 1586 nam
231 1519 428 1586 Bacchidem
448 1521 586 1605 quidem,
604 1519 837 1605 Mostellariae,
855 1519 1151 1604 Menaechmorum,
1170 1520 1286 1586 Militis

138 1634 237 1713 atque
257 1627 448 1693 Mercatoris
466 1627 601 1711 nullum,
624 1627 655 1691 id
675 1627 760 1712 quod
779 1628 849 1710 ipse
868 1628 1083 1712 conqueritur,
1105 1627 1170 1692 uisi
1188 1628 1286 1692 inter·

136 1736 285 1818 palatum
309 1735 429 1799 librum
452 1732 535 1820 (sive
559 1732 709 1819 ‘libros')
733 1737 848 1798 nactus
872 1738 934 1817 est,
959 1756 1108 1819 eumque,
1132 1738 1168 1799 ut
1190 1734 1285 1798 facile

136 1841 318 1907 conferenti
341 1845 448 1926 patet,
476 1842 633 1927 gliscente
657 1842 863 1907 librariorum
887 1841 1096 1927 neglegentia
1119 1842 1159 1906 ad
1183 1845 1285 1906 extre-

135 1971 225 2013 mam
257 1949 491 2033 turpitudinem
522 1949 743 2032 depravatum.
790 1947 851 2012 Sed
885 1952 1008 2033 septem
1036 1949 1169 2013 ultimas
1199 1949 1284 2013 idem

133 2055 279 2120 laetatur
306 2055 486 2140 ‘simplices
514 2061 548 2121 et
574 2057 714 2122 intactas
744 2079 763 2119 a
791 2054 994 2121 censoribus'
1025 2077 1094 2120 sese
1122 2055 1285 2139 habuisse,

133 2166 171 2226 et
203 2162 404 2248 ‘quanquam
437 2163 624 2247 mendosas,
662 2162 764 2228 multo
804 2165 913 2227 tamen
946 2161 1113 2226 veriores'.
1162 2161 1284 2227 Verum

133 2291 218 2352 quas
245 2271 388 2336 intactas
417 2271 555 2355 accepit,
583 2270 791 2335 vehementer
818 2273 902 2334 erret
930 2269 984 2354 qui
1013 2270 1152 2334 intactas
1179 2269 1283 2354 publi·

136 2397 230 2440 casse
253 2381 361 2460 putet:
390 2382 470 2463 quot
496 2378 581 2442 cuim
606 2399 623 2443 e
645 2377 773 2442 novicia
801 2376 986 2441 recensione
1011 2375 1189 2458 scripturas
1211 2398 1284 2459 par-

134 2482 198 2547 tim
221 2490 307 2548 recte
331 2484 452 2569 partim
476 2487 604 2568 praeter
622 2484 792 2548 veritatem
812 2483 970 2566 asciverit,
993 2482 1131 2566 singulis
1155 2483 1283 2568 paginis

133 2591 305 2656 annotatio
328 2595 440 2656 nostra
463 2591 565 2656 docet.
611 2591 713 2668 Quem
737 2590 794 2655 ille
817 2590 976 2655 delectum
1002 2611 1097 2673 saepe
1120 2611 1186 2654 uon
1214 2589 1282 2653 sine

133 2696 258 2763 iudicio
285 2697 411 2763 habuit.
456 2697 519 2772 Qui
546 2719 619 2762 cnm
647 2698 716 2762 iure
745 2720 802 2762 suo
832 2694 885 2783 (ut
908 2719 924 2760 e
949 2695 1154 2761 multitudine
1178 2717 1282 2761 exem-

133 2803 265 2887 plorum
295 2825 353 2887 per
382 2807 526 2869 saturam
555 2803 713 2888 quaedam
745 2801 897 2889 delibem)
931 2826 950 2867 a
982 2806 1161 2868 correctore
1194 2803 1282 2867 velut

132 2911 321 2976 conducibile
353 2909 440 2996 (cum
472 2908 518 2996 A)
552 2911 728 2995 sumpserit
759 2934 787 2976 v.
820 2910 873 2992 36,
904 2932 935 2975 as
971 2909 1057 2994 (curn
1090 2906 1139 2995 B)
1172 2932 1200 2974 v.
1229 2910 1282 2991 41,

135 3017 300 3099 specum
330 3018 402 3102 132,
427 3020 510 3101 quod
535 3040 618 3083 urcrw
648 3018 723 3100 141,
751 3020 793 3082 ud
819 3024 846 3082 tc
876 3018 952 3100 161,
980 3017 1025 3080 ila
1052 3022 1096 3081 est
1123 3015 1209 3100 (oum
1234 3016 1281 3102 A)

140 3122 211 3206 196,
238 3125 321 3205 quod
346 3125 420 3189 bibit
442 3126 517 3206 250,
545 3125 617 3188 boui
639 3125 713 3206 212,
735 3145 799 3206 por
822 3126 883 3188 tuis
906 3121 994 3206 (eum
1019 3123 1104 3209 AB)
1129 3123 1203 3206 279,
1231 3124 1280 3189 bc·

135 3231 251 3294 nriucm
279 3227 366 3316 (cum
389 3229 471 3318 AO)
499 3231 574 3313 308,
601 3233 781 3313 qcsocdaruet
808 3230 895 3316 (cum
919 3230 966 3316 B)
995 3232 1069 3313 324,
1091 3236 1188 3312 parta
1215 3231 1278 3295 341

136 3334 224 3419 (cum
242 3334 299 3421 A),
321 3357 365 3401 ou
386 3339 490 3403 miuus
508 3338 573 3401 349
598 3334 685 3423 (cum
709 3337 834 3402 codem:
858 3358 933 3401 narn
957 3340 1084 3400 tanturn
1109 3359 1278 3420 operarum

137 3443 218 3508 vitio
246 3443 368 3523 munus
387 3443 604 3530 expressum),
631 3446 688 3510 tibi
714 3446 794 3527 472,
821 3447 909 3509 edum
937 3445 1016 3527 474,
1043 3445 1159 3508 restrum
1185 3445 1220 3506 ui
1247 3449 1281 3507 tu

134 3550 214 3632 495,
242 3550 526 3633 transpositionem
555 3573 666 3616 versus
695 3552 760 3616 510
789 3551 876 3636 (curn
905 3553 974 3616 solo
998 3550 1056 3637 A),
1083 3571 1182 3615 censes
1205 3550 1279 3633 563,

134 3658 280 3738 oue'qrram
302 3662 366 3721 tani
390 3658 464 3741 514,
490 3660 578 3740 rapis
601 3659 674 3740 680,
701 3679 802 3740 repam
826 3659 899 3740 158,
926 3680 963 3722 cx
985 3659 1111 3722 soleretis
1136 3659 1209 3739 111,
1228 3678 1277 3739 pc·

134 3785 199 3828 rere
221 3785 286 3829 rem
310 3764 383 3841 113,
407 3769 499 3828 terere
519 3765 592 3846 796,
615 3764 702 3828 babet
721 3765 794 3846 808,
817 3764 1004 3828 abslrdlriuru
1027 3785 1085 3847 pro
1109 3764 1279 3828 eboercbum

134 3870 210 3954 935,
236 3871 288 3935 cui
309 3890 373 3934 rem
396 3892 455 3953 pro
478 3891 537 3951 quc
560 3872 637 3934 irem
660 3871 735 3952 956,
762 3870 810 3933 ibo
833 3872 876 3934 ad
897 3869 970 3952 995,
997 3890 1158 3951 utinquam
1185 3871 1279 3953 1004,

134 3997 232 4041 errores
255 3999 313 4059 pro
336 3976 473 4041 lumsiues
499 3977 592 4059 1028,
620 3978 688 4042 ictis
713 3977 808 4060 1043,
835 3997 944 4058 nequeo
973 3999 1031 4060 pro
1060 3982 1157 4041 ruetuo
1184 3977 1309 4060 1132„

132 4089 167 4147 ta
188 4085 277 4148 ucuis
304 4105 321 4146 e
348 4082 457 4149 Nonio
488 4084 587 4167 1156,
614 4084 731 4148 arbitro
762 4085 843 4148 1161
874 4082 961 4168 (cum
985 4081 1048 4168 B),
1081 4085 1275 4168 omninoque

133 4212 172 4255 aa
201 4189 324 4272 omnia,
354 4212 374 4254 a
403 4190 519 4272 quibus
550 4191 786 4274 discrepantem
816 4195 944 4255 tantum
974 4192 1167 4275 scripturam
1200 4192 1276 4256 solis

133 4297 252 4362 additis
275 4296 440 4363 BCDEa
464 4298 582 4362 litteris
605 4298 640 4362 in
663 4299 875 4363 annotatione
899 4298 1076 4381 posuimus,
1099 4302 1135 4362 ut
1155 4321 1182 4362 v.
1202 4299 1276 4365 218.

133 4404 208 4469 311.
236 4403 312 4468 336.
339 4404 413 4471 354.
441 4405 519 4470 36οε
550 4410 659 4469 tamen
688 4427 747 4470 nec
778 4405 812 4468 in
842 4404 915 4469 aliis
943 4411 1157 4470 correctorem
1184 4405 1276 4491 sequi
