2962 5032
424 319 693 369 nnsnnnrrorns
717 283 942 369 rnaururuus.¹
1183 301 1248 367 287

73 463 267 548 quissimo
279 460 420 548 Vergilii
438 464 540 530 codici
553 463 723 549 Vaticano,
746 464 856 549 paullo
880 460 1095 547 antiquiorem
1113 464 1151 526 ut
1169 464 1248 545 puto

73 570 222 635 ceteris
246 571 302 656 qui
326 574 457 636 exstant
474 572 586 637 latinis
606 571 698 636 libris
718 570 963 656 antiquissimis,
986 568 1085 634 etiam
1099 567 1250 633 Bembini

76 677 216 742 codice
239 677 392 743 Terentii.
436 677 602 743 Posterior
630 678 802 762 scriptura,
835 699 899 761 qua
926 675 1019 741 valde
1047 675 1120 739 rudi
1148 678 1181 738 et
1202 674 1250 738 in·

82 782 240 848 condita
253 782 383 849 Veteris
398 784 598 850 Testamenti
621 784 752 869 quidam
775 784 849 848 libri
873 783 996 847 exarati
1021 785 1106 864 sunt,
1129 781 1249 846 saeculi

88 887 206 953 VIIII
240 893 299 955 est.
359 888 511 976 Singulae
544 891 751 956 membranae
784 915 863 976 quas
897 912 1033 976 quarum
1066 887 1250 953 fabularum

82 999 215 1079 partes
242 1000 389 1082 teneant,
420 998 454 1062 in
482 999 683 1084 singularum
711 997 895 1063 fabularum
923 995 1182 1082 praefationibus
1206 994 1249 1058 di-

88 1124 192 1186 cam,
225 1103 259 1167 in
286 1105 350 1169 fine
378 1107 486 1170 autem
514 1106 622 1189 operis
650 1128 714 1171 uno
738 1107 771 1170 in
796 1108 969 1191 conspectu
993 1103 1173 1170 collocabo:
1209 1101 1250 1166 ad

94 1207 333 1275 'Irinnmmum
356 1211 436 1277 baec
459 1216 610 1297 spectant
632 1234 715 1297 quae
738 1212 822 1278 infra
845 1213 948 1298 posui.

193 1315 327 1402 Integer
351 1319 449 1383 codex
471 1318 643 1384 Plautinus
667 1342 740 1384 cum
764 1323 955 1385 octonarum
979 1317 1251 1402 membranarum,
1299 1331 1304 1337 ’

100 1422 157 1486 uel
195 1425 305 1507 potius
342 1429 574 1510 quaternorum
610 1428 872 1493 membranarum
908 1426 1052 1511 parium,
1088 1424 1250 1490 fasciculis

105 1531 304 1613 compositus
328 1532 440 1618 fuerit,
468 1556 548 1619 quos
576 1534 672 1599 bodie
696 1536 925 1620 quaterniones
948 1554 1063 1600 vocare
1088 1531 1251 1597 consuevi·

110 1658 192 1700 mus:
225 1636 309 1702 tales
337 1638 508 1705 fasciculos
536 1640 664 1724 integra
693 1640 804 1707 fabula
834 1641 1017 1726 complebat
1040 1641 1194 1724 quattuor
1218 1643 1251 1701 et

111 1743 293 1829 dimidium,
328 1743 380 1810 his
413 1767 467 1811 eos
499 1746 641 1811 numeris
673 1747 706 1811 in
739 1747 926 1812 ultimarum
957 1747 1150 1833 paginarum
1182 1745 1249 1809 imo

109 1851 255 1937 margine
283 1837 442 1936 signatos:
475 1852 543 1937 LV,
571 1851 658 1937 LVI,
686 1851 821 1938 (LVII,)
850 1852 970 1939 LVIII,
998 1849 1159 1938 (LVIIII).
1205 1849 1250 1915 Hi

107 1957 252 2023 fasciculi
276 1979 355 2043 quas
379 1958 457 2024 olim
481 1959 693 2025 continebant
709 1959 888 2023 Trinummi
912 1959 1116 2024 membranas
1139 1979 1194 2023 sex
1218 1959 1252 2021 et

106 2065 259 2150 triginta,
291 2086 401 2129 earum
428 2064 524 2130 bodie
552 2068 679 2130 tantum
708 2065 930 2152 duodeviginti
954 2066 1141 2150 superstites
1167 2068 1251 2149 sunt,

106 2171 172 2235 sive
200 2192 318 2237 novem
346 2170 607 2237 membranarum
635 2173 899 2257 complicatamm
927 2173 1034 2258 paria:
1070 2195 1145 2237 nam
1173 2195 1250 2238 casu

105 2278 227 2344 factum
251 2282 361 2343 estut
383 2278 518 2344 duorum
541 2280 669 2364 parium
693 2301 849 2365 compage
869 2281 977 2346 soluta
994 2302 1079 2345 nunc
1098 2283 1251 2365 quattuor

107 2384 314 2450 membranae
337 2385 521 2471 singulares
545 2389 685 2451 exstent:
714 2409 797 2471 quae
821 2390 897 2451 sunt
920 2386 1065 2451 fasciculi
1089 2384 1163 2451 LVI
1187 2391 1249 2451 ter-

105 2492 151 2555 tia
174 2496 210 2556 et
232 2492 325 2555 sexta
347 2492 489 2577 itemque
512 2492 609 2557 tertia
631 2497 664 2557 et
682 2495 775 2558 sexta
793 2493 994 2578 insequentis
1014 2493 1166 2558 fasciculi.
1198 2492 1249 2556 ln-

106 2604 200 2683 teger
222 2601 331 2663 autem
354 2620 438 2663 unus
460 2602 587 2663 tantum
611 2598 786 2665 fasciculus
806 2604 961 2684 superest,
985 2600 1040 2685 qui
1059 2603 1109 2665 est
1128 2599 1250 2664 axillis

108 2707 203 2771 alter:
237 2704 435 2790 reliquorum
459 2704 535 2789 quid
559 2708 592 2769 et
614 2709 771 2790 quantum
795 2709 958 2770 servatum
982 2707 1039 2791 sit,
1061 2706 1250 2791 planissime

107 2835 145 2877 ex
168 2812 232 2877 bac
255 2833 351 2895 quam
376 2810 497 2875 subieci
520 2811 635 2876 tabula
658 2816 803 2896 apparet,
825 2812 858 2877 in
883 2835 946 2897 qua
969 2813 1087 2878 litteris
1107 2813 1250 2898 deperdi·
1268 2841 1305 2881 rx

106 2924 175 3003 tas,
207 2919 352 2982 servatas
382 2919 489 2981 autem
513 2917 718 2982 membranas
743 2919 788 2983 eis
812 2920 955 2984 numeris
977 2920 1103 3003 notavi,
1135 2921 1250 3005 quibus

105 3024 299 3109 paginarum
323 3023 468 3089 ordinem
490 3025 682 3109 posterioris
706 3025 884 3110 scripturae
904 3027 1020 3112 Angeli
1044 3027 1112 3093 Mai
1135 3051 1250 3093 manus

105 3128 355 3216 significavit.*)

248 3304 419 3377 Paginarum
438 3305 505 3362 ordo
613 3308 737 3364 Fabulae
757 3311 850 3379 partes
994 3308 1104 3366 Codicis
1123 3309 1251 3365 fasciculi

344 3415 397 3480 35.
420 3416 463 3481 36
488 3447 529 3470 =
600 3418 707 3481 1-19
731 3421 763 3481 et
786 3419 918 3484 20-22

347 3522 396 3587 19.
419 3523 463 3587 20
486 3553 528 3576 =
574 3524 705 3588 23-38
730 3529 763 3588 et
786 3525 916 3589 39-57

343 3629 396 3695 37.
418 3629 461 3695 38
486 3661 527 3684 =
574 3631 705 3695 58-76
729 3633 763 3694 et
786 3631 918 3694 77-95

1063 3789 1119 3856 LV

340 3838 461 4013 [3331)44
486 3979 527 4001 --
554 3950 728 4013 172-190
752 3954 785 4014 et
811 3938 984 4015 1914209

340 4054 394 4120 29.
417 4055 461 4119 30
486 4085 528 4108 --·
552 4057 727 4121 aro—226
751 4062 784 4120 et
807 4057 985 4121 aas—244

341 4160 394 4226 45.
417 4161 460 4225 46
486 4191 528 4215 =
552 4163 728 4228 244-264
751 4167 784 4228 et
808 4165 985 4229 aus-282

105 4287 319 4297 m*-

195 4337 223 4407 ‘)
247 4336 337 4409 [Haec
364 4335 463 4392 tabula
490 4337 612 4408 repetita
637 4340 681 4392 est
704 4339 733 4394 in
758 4339 931 4411 praelatione
957 4337 1072 4397 alterius
1096 4341 1250 4399 Trinummi

106 4427 240 4485 editionis
258 4445 287 4499 p.
307 4426 372 4481 XIII
384 4426 441 4499 sq]
