2962 5032
560 113 794 161 nssnrursonn
819 113 944 159 runnu.
1256 99 1318 162 677

168 261 286 322 autem
309 278 461 340 quaerere
486 255 571 339 licet,
595 256 670 340 quid
695 256 738 319 sit
761 278 816 320 cur
839 278 903 321 non
928 256 1037 320 eadem
1063 257 1171 340 parari
1191 258 1232 321 ab
1251 258 1319 321 uni-

168 363 389 429 versitatibus
411 363 481 447 pari
505 385 655 427 successu
678 364 858 448 potuerint,
886 363 1077 448 praesertim
1108 385 1180 427 cum
1205 386 1243 426 ex
1267 364 1319 428 his

168 471 317 536 artifices
340 492 415 535 euos
439 474 472 534 et
494 471 623 535 fictores
647 469 722 535 illos
746 471 836 553 ipsae
861 469 1053 553 academiae,
1076 470 1124 534 uti
1148 474 1222 534 ante
1241 469 1319 533 dixi-

167 600 255 662 mus,
284 578 441 643 asciscere
465 576 703 642 consueverint:
736 576 832 641 modo
860 577 893 640 in
917 576 1047 640 illarum
1075 576 1172 640 iidem
1200 577 1254 660 qui
1283 577 1318 640 in

167 685 290 750 barum
327 684 566 749 lucubrationes
599 688 746 768 sumptus
778 683 910 767 publica
942 683 1163 748 munificentia
1194 684 1316 768 impen-

169 792 302 857 dantur.

264 896 398 963 Habent
419 897 512 981 haec,
546 919 626 982 quae
650 897 755 961 adhuc
778 896 1031 981 disputavimus,
1062 897 1146 961 hanc
1170 898 1248 980 vim,
1281 902 1317 961 ut

169 1027 242 1070 esse
266 1003 348 1069 utile
371 1002 609 1068 academiarum
633 1003 829 1086 institutum,
852 1026 917 1068 non
936 1025 1006 1068 esse
1024 1004 1242 1068 necessarium
1265 1003 1316 1067 de-

170 1116 390 1177 monstratum
420 1110 478 1194 sit,
506 1114 678 1194 propterea
701 1110 786 1194 quod
811 1109 947 1175 eandem
972 1132 1105 1194 prorsus
1130 1111 1315 1193 utilitatem,

170 1223 208 1285 ut
230 1220 414 1284 litterarum
438 1218 583 1301 ipsarum
608 1217 786 1282 commodis
810 1217 1012 1301 consulatur,
1043 1218 1163 1282 habere
1185 1218 1314 1282 univer-

170 1326 287 1391 sitates
313 1328 346 1390 et
370 1325 439 1389 sine
458 1324 656 1408 sumptuosis
676 1323 916 1389 academiarum
935 1324 1128 1408 ambagibus
1148 1327 1314 1407 praestare

169 1433 308 1519 possint
352 1431 449 1497 Nunc
477 1435 587 1495 autem
616 1430 745 1515 longius
775 1431 1045 1516 progrediendum
1074 1436 1125 1496 est
1147 1435 1180 1494 et
1202 1432 1313 1512 firmis,

170 1544 208 1605 ut
229 1538 324 1604 nobis
348 1536 489 1620 videtur,
517 1537 719 1621 argumentis
742 1538 960 1622 probandum,
988 1538 1133 1602 utiliores
1158 1538 1256 1602 etiarn
1279 1538 1314 1602 in

170 1645 306 1711 eandem
334 1648 462 1730 partem
491 1648 588 1728 atque
616 1643 851 1709 fructuosiores
881 1644 1055 1709 academiis
1084 1645 1312 1709 universitates

169 1751 296 1816 futuras
324 1773 408 1833 esse,
442 1751 563 1835 quippe
590 1771 688 1835 penes
717 1772 797 1835 quas
824 1773 889 1815 non
917 1751 978 1817 flos
1007 1755 1040 1815 et
1062 1751 1162 1816 robur
1186 1754 1312 1816 tantum

170 1859 367 1940 litterarum,
399 1857 484 1941 quod
517 1860 614 1921 autea
647 1857 933 1940 contendebamuS,
967 1857 1022 1921 sed
1055 1858 1242 1940 earundem,
1275 1862 1312 1922 ut

169 1965 269 2030 verbo
293 1965 505 2049 complectar,
527 1965 695 2051 tamquam
720 1963 768 2027 vis
793 1962 905 2027 vitalis
929 1963 981 2028 sit.
1028 1962 1179 2029 Cernitur
1203 1969 1311 2030 autem

170 2071 250 2137 baec
271 2070 362 2135 nulla
386 2069 451 2134 alia
473 2070 507 2134 in
531 2092 575 2153 re,
599 2069 663 2133 nisi
682 2068 768 2153 quod
787 2069 821 2132 in
840 2069 1108 2135 universitatibus
1128 2070 1310 2136 litterarum

169 2177 322 2243 tractatio
348 2181 475 2242 etcum
499 2177 583 2241 vitae
608 2176 720 2240 usibus
744 2181 872 2240 etcum
896 2176 1108 2241 adolescentis
1133 2178 1310 2244 iuventutis

168 2285 393 2350 communione
417 2284 513 2369 longe
538 2283 751 2348 saluberrimo
775 2284 901 2348 vinculo
926 2284 1123 2367 continetur,
1151 2285 1309 2369 aquibus

168 2391 359 2475 longissime
394 2390 568 2454 abhorrere
601 2388 837 2454 academiarum
869 2389 1073 2474 magnificam
1102 2390 1309 2456 solitudinem

168 2503 305 2565 constat.
350 2498 427 2564 Non
450 2520 505 2562 eos
530 2497 602 2562 dico
626 2498 712 2562 vitae
736 2520 826 2580 usus,
856 2499 911 2582 qui
934 2497 1011 2560 dum
1034 2497 1074 2562 ad
1098 2498 1309 2582 opificiorum,

167 2605 436 2672 commerciorum
459 2605 725 2689 negotiorumque
748 2603 917 2668 commoda
936 2608 1093 2687 spectant,
1115 2605 1150 2669 in
1173 2608 1309 2688 quaestu

167 2713 322 2796 lucroque
353 2712 483 2796 privato
515 2714 684 2776 versantur
713 2710 809 2795 inque
838 2710 988 2774 humanis
1019 2711 1168 2776 sordibus
1199 2711 1306 2796 ipsum

166 2820 264 2883 linem
292 2818 451 2883 bonorum
480 2823 649 2902 quaerunt:
681 2816 738 2881 sed
767 2817 805 2881 de
832 2816 873 2880 iis
901 2817 1024 2902 cogito,
1055 2819 1111 2903 qui
1134 2818 1173 2882 ad
1196 2841 1307 2883 veram

162 2925 308 3005 ‚salutem
332 2924 477 2990 civitatis
501 2925 683 3009 diriguntur
705 2923 864 3009 huiusque
889 2924 1052 3007 sapienter
1075 2924 1246 3008 curandae,
1270 2925 1307 2989 li-

166 3031 323 3097 beraliter
357 3031 647 3113 administrandae,
679 3030 808 3097 fortiter
845 3030 1054 3095 vindicandae
1091 3035 1238 3096 auctores
1275 3038 1308 3097 et

168 3139 328 3223 custodes,
351 3139 553 3222 virtutisque,
577 3138 769 3221 honestatis,
792 3137 949 3220 veritatis,
971 3137 1193 3222 humanitatis,
1216 3140 1306 3203 iusti-

167 3246 232 3310 tiae
261 3267 350 3311 acres
378 3249 637 3330 propugnatores
665 3245 832 3329 effingunt.
877 3242 950 3308 Huc
978 3247 1085 3309 autem
1113 3248 1150 3308 ut
1178 3245 1306 3309 litterae

165 3352 311 3436 valeant,
338 3375 404 3417 non
431 3353 553 3439 poterit
580 3374 734 3437 umquam
757 3350 820 3414 nisi
844 3351 1029 3415 consociata
1052 3371 1125 3414 cum
1149 3348 1305 3414 meditan-

167 3459 250 3523 tium
265 3461 298 3523 et
316 3461 603 3525 commentantium
623 3458 769 3542 personis
789 3477 945 3541 generosa
964 3455 1170 3540 discendique
1189 3456 1306 3539 cupida

164 3564 332 3630 iuventute
355 3565 452 3630 effici:
476 3568 565 3632 ouius
591 3565 701 3650 vigore
726 3568 758 3628 et
777 3565 977 3649 ingenuitate
996 3567 1126 3646 certam,
1149 3563 1305 3647 adquam

165 3694 199 3735 se
223 3670 353 3756 dirigat,
376 3694 521 3737 normam
545 3676 642 3736 nacta
666 3671 840 3735 revirescat
863 3692 990 3753 semper
1013 3675 1235 3755 recreeturque
1258 3672 1304 3733 fa·

165 3776 226 3841 eile
250 3799 423 3843 canescens
446 3779 601 3844 doctrina.

254 3882 338 3960 Quid
365 3886 496 3949 autem?
532 3907 638 3949 nonne
667 3884 699 3948 id
727 3884 832 3967 ipsum
862 3884 967 3967 questi
996 3905 1106 3947 sumus
1135 3884 1175 3947 ab
1200 3883 1303 3966 initio,

163 3991 250 4076 quod
279 3992 377 4056 nimis
407 3992 491 4055 inter
521 4015 554 4055 se
585 3991 765 4056 dissideant
794 3991 922 4055 litteras
953 3989 1086 4055 docendi
1111 3989 1352 4073 easdemquerx

163 4098 330 4162 excolendi
356 4120 504 4180 munera,
532 4121 629 4183 quam
657 4121 739 4183 quae
768 4098 837 4161 sine
866 4098 1010 4182 ipsarum
1038 4096 1230 4160 detrimento
1258 4095 1304 4160 ni·

164 4205 295 4289 mioque
314 4205 366 4270 vel
384 4205 568 4270 docentium
586 4206 637 4270 vel
656 4204 869 4270 scribentium
887 4203 1118 4287 impedimento
1138 4200 1304 4267 commode
