2962 5032
553 312 789 363 aerumnosa
813 314 938 362 annau.
1250 300 1313 365 631

168 457 284 522 sertim
305 457 351 540 ai,
379 455 434 541 qui
463 455 554 522 libris
577 456 611 520 in
634 455 799 539 publicum
824 457 916 520 editis
940 458 1004 521 iam
1029 458 1138 542 aliqua
1161 480 1199 522 ex
1223 463 1315 542 parte

166 562 378 627 inclaruerit?
412 562 528 627 hocine
567 560 727 627 scribendi
760 561 1006 648 disputandique
1042 565 1215 629 consilium
1250 567 1314 631 cui-

169 690 267 754 quam
295 669 393 736 hodie
420 670 504 735 serio
533 669 635 760 teneri
664 668 824 748 videatur,
856 691 896 734 an
925 669 1004 734 dicis
1032 693 1147 736 caussa
1175 675 1314 738 exerceri

166 797 227 840 nec
243 775 310 841 fere
328 776 514 861 plusquam
527 778 676 842 umbram
696 775 857 862 quandam
876 778 1100 861 servaremus,
1122 801 1218 862 quam
1237 781 1313 845 olim

168 882 329 961 habuerit,
353 884 548 969 gravitatis?
585 883 709 960 Quibus
733 884 867 949 minime
890 884 1059 949 haeremus
1084 886 1159 970 quid
1182 909 1314 972 respon-

167 989 312 1054 deamus.
358 988 506 1074 Namque
534 1013 616 1075 quae
637 990 731 1054 'recte
755 995 788 1054 et
811 991 973 1073 sapienter
996 1013 1016 1054 a
1039 991 1215 1057 maioribus
1239 997 1315 1058 sunt

169 1096 336 1176 instituta,
365 1098 391 1161 si
416 1096 545 1183 quando
572 1118 688 1181 parum
712 1097 884 1162 retinuisse
907 1098 1065 1182 pristinae
1088 1098 1243 1163 utilitatis
1266 1101 1314 1165 iu-

166 1202 327 1287 dicentur,
351 1209 409 1269 aut
432 1204 591 1270 abolenda
613 1212 691 1269 sunt
714 1207 785 1284 aut,
812 1204 964 1288 quamdiu
988 1227 1053 1270 non
1078 1209 1154 1270 sunt
1181 1205 1314 1290 abolita,

167 1310 314 1395 graviter
343 1309 464 1375 tuenda
498 1314 531 1375 et
561 1309 737 1376 exercenda
770 1315 908 1375 strenue.
961 1311 1053 1387 Quod
1084 1334 1156 1376 cum
1188 1312 1314 1396 pridem

165 1416 248 1481 mihi
271 1417 519 1500 persuasissem‚
546 1421 616 1481 tum
639 1439 815 1501 numquam
846 1418 974 1501 planius
1002 1419 1185 1502 perspicere
1216 1441 1313 1502 quam

169 1524 203 1587 in
226 1523 287 1588 hac
311 1523 383 1606 ipsa
410 1524 533 1588 incluta
561 1523 728 1588 academia
750 1524 849 1589 licuit.
895 1523 980 1589 Huic
1003 1524 1089 1588 enim
1111 1546 1244 1608 prorsus
1268 1525 1313 1590 in·

167 1631 277 1695 tellexi
305 1631 471 1715 proprium
504 1630 707 1714 splendorem
736 1631 845 1714 parari
877 1652 936 1695 nee
968 1629 1163 1695 mediocrem
1196 1653 1234 1696 ex
1265 1655 1313 1716 eo,

167 1737 264 1821 quod,
288 1737 421 1821 quaein
445 1736 518 1801 aliis
543 1737 744 1820 quibusdam,
767 1759 846 1821 quas
871 1736 999 1821 quidem
1022 1738 1177 1822 noverim,
1201 1739 1310 1805 acade-

168 1842 244 1907 miis
267 1844 300 1907 in
325 1843 431 1908 lusum
455 1842 579 1927 pridem
605 1846 784 1927 verterunt,
806 1843 859 1908 hic
883 1843 1012 1929 quidem
1036 1848 1177 1910 veterem
1201 1849 1234 1910 et
1256 1867 1312 1910 an-

170 1948 298 2034 tiquam
332 1948 525 2036 dignitatem
557 1951 722 2035 praeclare
748 1954 880 2016 tuentur
907 1956 941 2016 et
970 1952 1173 2017 retinuerunt
1204 1953 1313 2017 lauda·
1423 1976 1429 1984 ·

165 2059 284 2124 biliter.

259 2167 368 2252 Atque
395 2166 458 2231 hoc
484 2167 623 2231 alterum
652 2165 731 2231 illud
759 2170 823 2250 est,
852 2167 937 2251 quod
967 2167 1062 2231 initio
1086 2165 1312 2251 significabam

164 2273 264 2339 huius
301 2273 529 2358 praefationis,
565 2294 637 2337 cum
675 2273 857 2356 argumenti
898 2271 1041 2336 taedium
1077 2272 1223 2336 dicebam
1252 2295 1312 2356 pro

168 2379 258 2444 virili
280 2384 374 2465 parte
397 2401 457 2444 nos
481 2384 756 2464 compensaturos.
801 2377 874 2444 Hoc
896 2378 997 2464 igitur
1020 2378 1173 2462 quoniam
1197 2377 1238 2443 ad
1257 2400 1311 2444 eos

164 2507 293 2570 quoque
312 2486 464 2571 pertinet,
481 2507 617 2570 quorum
640 2484 724 2550 nihil
742 2484 886 2568 interest,
909 2484 948 2549 de
968 2484 1049 2549 Gaio
1068 2488 1101 2547 et
1120 2483 1311 2568 Sempronio

165 2613 209 2656 an
228 2590 267 2656 de
285 2589 351 2656 Oro
370 2596 403 2655 et
422 2591 540 2657 Orione
560 2592 659 2656 verba
677 2591 843 2672 faciamus,
861 2592 963 2675 probe
982 2613 1041 2656 nos
1060 2591 1311 2675 meminerimus,

165 2698 223 2782 qui
246 2699 280 2761 in
303 2701 464 2763 certamen
489 2720 573 2763 nunc
598 2720 708 2762 sumus
731 2697 944 2782 progressuri.
990 2696 1104 2783 Neque
1127 2699 1213 2762 enim
1237 2720 1310 2762 cum

166 2803 325 2869 acerrimo
347 2805 448 2870 immo
473 2806 597 2870 ardenti
622 2804 770 2869 veritatis
794 2803 900 2869 studio
924 2805 1089 2870 conciliari
1112 2828 1150 2870 ea
1173 2806 1224 2871 vel
1253 2805 1310 2870 hu·

164 2911 306 2975 manitas
329 2912 441 2996 nequit
469 2913 520 2976 vel
544 2911 760 2995 temperantia
788 2914 821 2974 et
848 2915 885 2976 ut
913 2911 1034 2976 Graece
1057 2912 1162 2976 dicam
1186 2932 1310 2993 (ωφρο-

166 3019 259 3097 (ύνη,
293 3040 376 3102 quae
408 3023 441 3083 et
473 3020 656 3085 litterarum
689 3019 882 3105 dignitatem
914 3023 947 3084 et
978 3018 1128 3083 liberales
1160 3017 1308 3083 homines

164 3123 263 3189 decet.

719 3487 748 3549 2.

165 3623 299 3690 Oratio
331 3624 375 3689 de
406 3627 526 3691 studii
561 3626 799 3711 philologici
829 3629 866 3689 et
897 3623 1167 3690 institutionis
1200 3621 1307 3686 scho-

167 3731 336 3796 lasticae
356 3732 643 3796 necessitudine
667 3731 837 3795 muneris
862 3730 1093 3815 professorii
1118 3728 1308 3793 ordinarii

165 3837 204 3901 in
238 3838 496 3902 universitate
533 3839 756 3903 litterarum
790 3837 1098 3902 Vratislaviensi
1135 3836 1307 3918 suscepti

272 3966 410 4009 caussa
433 3944 491 4008 die
516 3944 609 4008 XXII
633 3968 673 4009 m.
696 3944 870 4009 Ianuarii
894 3967 922 4007 a.
948 3944 1032 4008 1836
1056 3943 1200 4007 habita.

255 4086 325 4163 Quo
341 4108 398 4150 vos
413 4085 531 4168 libello,
555 4087 735 4151 academiae
750 4108 881 4169 praeses
896 4086 1040 4164 illustris,
1063 4088 1171 4149 rector
1185 4085 1307 4171 magni·

165 4194 238 4276 lice,
265 4193 466 4277 professores
494 4196 526 4255 et
553 4192 701 4257 doctores
729 4192 934 4278 amplissimi,
965 4191 1122 4256 carissimi
1151 4193 1306 4256 commili-

165 4304 274 4385 tones,
296 4298 413 4383 reliqui
433 4298 596 4364 auditores
615 4300 824 4383 ornatissimi,
848 4299 887 4363 ad
906 4300 991 4364 hanc
1015 4297 1194 4362 orationem
1214 4298 1307 4361 bene-

165 4406 238 4474 vola
271 4405 462 4472 audiendam
494 4406 644 4491 invitavi,
675 4407 706 4471 in
736 4429 773 4471 eo
801 4427 852 4472 me
879 4405 1045 4490 professus
1078 4426 1149 4469 sum
1182 4403 1220 4468 de
1247 4404 1307 4469 tali
