2926 5040
137 299 202 362 312
428 316 686 363 ruormcoueuu
711 317 757 362 oe
780 315 990 363 nsrrouravs

137 458 283 543 degerit:
303 459 512 543 quantumvis
532 459 656 544 gravia,
675 463 712 523 ut
734 458 912 544 significavi
927 481 956 542 p.
971 459 1037 524 518
1049 460 1110 539 [=
1125 458 1205 539 107]
1216 480 1292 544 sqq,

138 566 211 630 aliis
226 565 351 651 agenda
366 565 445 630 alibi
465 565 641 649 reliquerit.
674 564 715 629 ni
732 570 887 651 quantum
903 564 1069 647 debeatur,
1091 586 1159 630 non
1173 565 1293 650 poterit

138 696 176 736 ox
199 672 301 756 ipsius
325 672 466 738 nominis
490 672 522 737 in
543 673 759 753 annotatione,
774 677 888 738 nostra
906 671 1073 736 mentione
1092 673 1180 737 satis
1199 672 1292 737 aesti-

66 779 234 843 inumeri:
267 779 366 843 immo
399 778 631 844 recordandum
660 782 711 843 est
738 778 871 863 ubique,
903 801 983 863 quas
1011 799 1075 864 ego
1104 801 1123 844 e
1153 778 1224 845 ΒΟ
1246 800 1292 845 re·

138 891 248 971 ceptae
272 908 343 950 esse
367 885 543 969 scripturas
569 886 748 970 significem
768 907 788 948 a
806 885 948 968 priorum
967 884 1152 951 editionum
1173 908 1292 953 memo-

138 993 186 1058 ria
210 989 255 1078 (h.
280 1016 305 1056 e.
329 992 385 1057 ubi
413 1013 479 1056 non
507 994 611 1055 testor
638 991 739 1074 aliud,
767 987 852 1076 aZ)
881 990 1119 1075 discrepantes,
1148 992 1292 1059 indidem

140 1100 328 1184 plerumque
357 1100 421 1164 iam
446 1097 667 1163 Camerarium
691 1099 886 1182 reposuisse:
910 1097 942 1162 id
965 1099 1052 1182 quod
1077 1121 1203 1183 operae
1226 1120 1294 1185 pre·

139 1207 221 1273 tium
249 1227 314 1270 non
339 1206 413 1270 duxi
438 1205 575 1291 singulis
604 1205 683 1270 locis
707 1205 878 1270 inculcare.
921 1203 996 1269 Non
1020 1205 1165 1270 multum
1191 1226 1294 1272 emen·

139 1313 229 1378 datio
256 1312 385 1397 quidem
409 1311 516 1376 Plauti
544 1316 621 1396 post
645 1311 865 1376 Camerarium
888 1312 1028 1396 profecit
1051 1312 1105 1377 vel
1128 1312 1293 1397 probabili

81 1466 87 1475 ·
140 1419 311 1484 enarrandi
340 1418 501 1482 industria
528 1417 683 1483 Friderici
713 1416 940 1501 Tarentum,
968 1418 1019 1482 vel
1047 1418 1199 1504 impigro
1222 1418 1295 1485 Phi·

141 1527 220 1611 lippi
241 1526 348 1590 Praei
368 1525 490 1606 labore,
515 1528 655 1589 ceterum
675 1525 815 1589 iudicare
831 1526 1015 1609 nescientis,
1037 1525 1075 1590 in
1094 1527 1296 1593 excutiendis

140 1633 233 1698 libris
252 1632 410 1697 Palatinis
435 1637 638 1716 consumpto,
660 1631 711 1696 vel
730 1631 944 1695 immoderata
962 1631 1091 1697 rixandi
1111 1635 1295 1701 convician-

141 1741 237 1823 dique
261 1739 437 1822 cupiditate
461 1739 530 1802 lani
555 1737 725 1816 GRVTERI,
748 1761 812 1822 qua
830 1760 871 1802 ne
889 1737 970 1801 illud
990 1738 1122 1822 quidem
1145 1742 1296 1807 effectum

142 1850 191 1910 est
214 1849 259 1929 ut,
282 1844 359 1930 quid
378 1845 510 1910 tandem
531 1847 565 1909 in
586 1844 746 1909 Palatinis
767 1845 937 1929 legeretur,
955 1844 1006 1910 vel
1024 1850 1114 1911 reete
1132 1848 1189 1913 vel
1204 1847 1296 1932 plene

142 1955 399 2038 cognosceretur.
445 1950 545 2017 Cuius
568 1952 791 2016 altercationis
814 1951 986 2016 historiam
1011 1953 1068 2036 qui
1093 1955 1224 2020 talibus
1246 1954 1295 2020 de

142 2061 300 2124 lectantur
327 2080 364 2123 ex
393 2059 439 2122 eis
470 2063 579 2141 petere
603 2061 757 2142 poterunt
784 2081 867 2143 quae
891 2058 930 2123 de
954 2059 1029 2123 crisi
1054 2058 1105 2125 Pl.
1130 2082 1153 2124 a
1178 2083 1211 2145 p.
1233 2062 1296 2128 552

142 2167 288 2248 [=1,43]
309 2165 349 2231 ad
370 2165 431 2230 561
455 2166 597 2246 [=152]
617 2165 831 2231 narravimus.
867 2165 998 2230 Praeter
1018 2166 1165 2233 editores
1190 2174 1297 2235 autem
1332 2234 1337 2259 ,

141 2274 197 2358 qui
220 2273 279 2337 illa
300 2276 406 2336 aetate
431 2291 550 2356 magno
571 2293 668 2357 grege
692 2272 796 2337 critici
815 2274 853 2337 ad
874 2272 1123 2357 perpoliendum
1143 2273 1296 2341 Plautum
1332 2262 1337 2345 ἶ

143 2380 279 2464 undique
299 2379 521 2457 convolarunt,
540 2399 650 2443 eorum
666 2379 788 2443 nullam
808 2378 936 2444 laudem
954 2377 1095 2444 Ioannes
1110 2379 1297 2449 Mevmws
1333 2458 1337 2465 ¹

142 2487 274 2551 meruit:
293 2487 343 2550 vel
363 2485 511 2570 exiguam
532 2485 582 2549 vel
602 2485 796 2551 mediocrem
819 2485 981 2551 Adrianus
1001 2485 1210 2572 Trananvs,
1228 2489 1297 2555 lani
1333 2472 1337 2495 ³

132 2592 285 2679 ,Dovsln
314 2597 407 2677 pater
434 2597 467 2656 et
494 2594 596 2677 filius,
630 2592 754 2677 Caspar
782 2591 973 2675 Sororium,
1005 2592 1118 2659 Iustus
1149 2595 1299 2680 Lresrvs,

144 2700 295 2764 ltlellerus
311 2699 530 2765 Peuunurvs:
554 2700 708 2764 maiorem
732 2700 840 2764 linus
859 2698 1093 2767 vaanurirs:
1119 2703 1297 2767 maximam

143 2812 239 2890 atque
254 2807 333 2871 adeo
349 2808 500 2872 eximiam
512 2807 656 2871 Veniens
670 2807 874 2889 Aetnamve,
888 2829 1085 2892 quamquam
1101 2830 1164 2874 nee
1179 2813 1298 2874 metro·

143 2936 213 2977 rum
234 2913 369 2977 seientia
389 2914 507 2996 valens,
533 2918 689 2997 quatum
713 2935 807 2977 nemo
833 2914 910 2977 satis
935 2914 1113 2978 instructus
1134 2920 1218 2998 erat,
1242 2939 1299 2981 nee

143 3018 346 3083 Camerariae
369 3019 771 3084 editionis.auctoritatem
795 3025 995 3105 perspectam
1015 3021 1155 3106 habene,
1175 3044 1296 3110 magno

144 3125 175 3188 id
191 3126 386 3191 detrimento
401 3149 468 3189 suo.
498 3128 571 3191 Dixi
588 3129 626 3192 de
640 3152 687 3213 eo,
705 3127 760 3192 sed
774 3127 912 3192 fortasse
926 3149 991 3192 nou
1007 3128 1090 3192 sutis
1106 3128 1298 3215 honorilice,

144 3232 163 3294 l.
183 3255 207 3294 s.
227 3254 250 3295 s.
271 3255 301 3315 p.
321 3233 386 3297 505
402 3234 535 3318 [=93],
558 3235 596 3298 de
621 3234 771 3319 Scioppio
796 3258 826 3318 p.
845 3235 910 3298 544
930 3235 1085 3317 [=134],
1109 3235 1152 3300 de
1179 3237 1299 3303 Dousis

145 3361 174 3420 p.
190 3338 255 3401 534
276 3340 429 3421 [=124]‚
449 3339 486 3404 de
506 3339 647 3405 Meursio
672 3364 701 3424 p.
716 3341 781 3406 498
802 3343 858 3421 [=
869 3343 925 3422 86]
935 3364 981 3424 sq.
1017 3340 1156 3407 Praeter
1181 3344 1299 3409 horum

145 3444 236 3508 cur'as
261 3445 384 3529 pridem
409 3447 511 3512 editas
530 3448 670 3512 ineditae
691 3448 770 3512 mihi
792 3452 921 3531 praesto
940 3449 1074 3513 fuerrmt
1093 3446 1300 3531 Scsnleem,

145 3550 320 3636 sluulsu,
339 3552 469 3619 Dousae
489 3560 521 3619 et
540 3555 680 3619 fortasse
696 3554 832 3620 aliorum
848 3556 1050 3619 coniecturae
1065 3555 1101 3618 in
1121 3556 1297 3641 impresso

145 3681 215 3722 rum
228 3661 429 3743 quorundam
440 3661 668 3745 exemplorum,
683 3684 764 3745 quae
774 3660 939 3726 Leidensis
951 3661 1167 3745 bybliotheca
1183 3670 1301 3749 servat,

76 3787 130 3828 mv
146 3766 346 3850 marginibus
371 3768 611 3852 scriptorum.*)
658 3768 801 3844 Quorum
825 3768 891 3833 alia
914 3768 1018 3833 sciens
1041 3789 1129 3834 nuuc
1155 3778 1299 3856 praeter-

145 3873 249 3954 mitte,
273 3874 350 3937 olim
375 3875 437 3939 hue
457 3874 631 3940 rediturus:
656 3877 797 3960 quinque
816 3877 868 3940 hic
888 3878 1178 3942 commemoranda
1198 3880 1300 3945 video.

146 3978 191 4042 Ee
209 3979 278 4044 lani
303 3982 430 4064 quidem
453 3980 583 4047 Dousae
605 3983 701 4067 longe
721 3983 879 4065 plurimas
901 3982 1145 4068 annotationes,
1169 3986 1300 4051 sedeas

145 4087 286 4150 maxima
296 4110 333 4151 ex
344 4093 435 4171 parte
446 4089 486 4154 ad
497 4089 797 4173 interpretationem
809 4094 1000 4174 spectantes,
1009 4093 1104 4155 tenet
1113 4095 1301 4179 exemplum

419 4336 540 4407 exempla
558 4336 753 4405 bybliothecae
776 4338 987 4405 Ambrosianus,
1012 4337 1062 4392 sed
1082 4357 1159 4408 quae
1186 4344 1296 4397 tantum

427 4427 495 4482 trevi
514 4427 655 4494 Parergon
673 4442 700 4494 p.
716 4431 776 4480 400.
