2926 5040
157 114 223 178 682
536 129 769 178 nnrmmscuu
793 129 923 176 sanan.

158 271 246 337 inum
270 272 504 358 recogitamus,
531 274 648 357 quibus
677 272 855 357 primordia
883 246 944 338 sua
965 272 1151 338 litterarum
1173 270 1274 336 univ
1284 297 1364 342 ε]

150 381 240 471 ¹sitas
255 378 484 463 Berolinensis,
502 380 774 445 instaurationem
793 381 834 445 ab
853 379 1059 444 institutione
1078 400 1145 443 non
1162 379 1364 450 multum

157 486 317 565 diversam
342 486 608 551 Vratislaviensis
632 486 758 551 debent.
793 485 977 552 Contractis
1000 485 1121 550 finibus
1144 484 1364 557 additui

158 592 244 657 diam
273 593 323 658 sui
347 598 472 678 partem
496 592 568 676 ipsa
592 592 707 657 civitas
730 592 875 658 redacta:
903 615 943 657 ne
966 593 1001 657 in
1024 591 1150 656 salvam
1173 596 1364 676 parbem

158 700 287 783 quidem
319 700 421 764 libera
450 699 641 783 dominatio,
674 699 730 764 sed
760 698 1052 765 contumacissimis
1084 699 1364 783 superbientis

158 808 290 872 victoris
309 807 435 871 iniuriis
455 812 551 891 atque
571 806 796 872 vexationibus
815 806 954 891 turpiter
968 806 1124 872 coercita:
1143 806 1360 878 exhausta

158 915 207 980 vis
236 915 397 999 roburque
425 913 678 996 provinciarum:
710 913 829 978 aerarii
856 912 1031 978 difficultas
1058 912 1209 997 proxima
1240 921 1357 984 rui·

157 1042 233 1085 nae:
256 1020 381 1085 fractus
405 1024 437 1083 et
459 1019 692 1103 propemodum
716 1018 861 1084 abiectus
880 1019 1000 1083 civium
1019 1019 1163 1086 animus:
1186 1021 1354 1091 salutis

157 1149 215 1192 nee
239 1149 311 1212 spes
334 1148 393 1190 nec
416 1125 469 1190 via
491 1126 526 1190 in
548 1131 710 1211 promptu.
751 1125 821 1191 Nec
843 1130 954 1192 tamen
975 1128 1028 1191 tot
1049 1131 1224 1212 tantaeque
1283 1130 1351 1196 dc·

157 1233 308 1318 sperandi
337 1255 471 1298 caussae
499 1234 674 1318 impetrare
702 1234 743 1298 ab
768 1233 877 1299 animo
900 1255 976 1299 vere
999 1233 1092 1319 regio
1117 1240 1348 1322 potuer-unt,

157 1341 235 1424 quin
258 1340 387 1405 omissis
411 1340 644 1425 aliquantisper
666 1341 752 1406 curis
776 1341 931 1425 proximis
952 1345 985 1407 et
1004 1341 1045 1406 ad
1064 1341 1154 1425 ipsas
1172 1343 1345 1410 visendi

159 1447 470 1532 administrandique
493 1447 704 1513 necessitates
727 1447 981 1532 pertinentibus,
1002 1446 1220 1514 Humboldtio
1269 1473 1341 1536 po-

156 1553 320 1617 tissimum
349 1558 480 1619 auctore
508 1559 542 1618 et
569 1576 701 1619 suasore
729 1555 769 1620 ad
793 1575 865 1619 eam
889 1553 1070 1619 studiorum
1094 1555 1202 1621 sedem
1228 1578 1338 1621 con·

158 1658 296 1723 dendam
321 1682 391 1724 sese
414 1662 601 1746 applicaret,
624 1683 707 1746 quae
729 1683 795 1726 non
818 1661 997 1726 multorum
1021 1681 1181 1726 annorum
1203 1663 1336 1727 inter·

158 1766 244 1831 vallo
269 1766 401 1850 optimis
429 1767 594 1832 doetrinae
622 1767 782 1832 fructibus
806 1771 929 1832 ceteras
953 1766 1151 1834 Germaniae
1173 1769 1333 1834 univer·

156 1874 271 1938 sitates
296 1879 464 1958 aequaret,
491 1874 673 1940 lautissimo
698 1874 807 1939 variae
832 1873 1024 1939 eruditionis
1047 1879 1207 1960 apparatu
1240 1873 1332 1937 vin·

156 1984 250 2045 ceret
295 1979 384 2044 Talis
415 1981 516 2066 igitur
546 1980 701 2065 principis
732 2003 868 2046 sacram·
888 1981 1081 2047 memoriam
1111 1981 1195 2067 qnod
1233 1998 1329 2045 cum

156 2086 421 2152 Berolinensibus
444 2110 503 2152 nos
527 2087 715 2152 Bonnenses
743 2087 805 2151 hoc
828 2087 893 2171 die,
921 2087 977 2171 qui
999 2087 1057 2153 Illi
1084 2090 1204 2155 natalis
1233 2084 1327 2165 fuit

156 2193 329 2278 quotannis
352 2194 537 2278 recolimus,
561 2217 599 2259 ea
622 2194 753 2279 pietatis
778 2216 815 2259 ac
838 2195 1039 2259 reverentiae
1062 2195 1325 2281 significatione

156 2322 222 2364 non
244 2301 352 2365 minus
376 2300 520 2384 profecto
544 2300 646 2385 ipsius
666 2301 779 2366 virtuti
799 2322 897 2387 quam
916 2300 1018 2366 animi
1038 2301 1169 2367 affectui
1186 2299 1324 2367 nostro

155 2407 342 2473 satisfacere
374 2407 564 2473 videbimur.
615 2407 823 2493 Pertinetquc
855 2407 895 2472 ad
928 2429 1003 2473 eum
1036 2429 1168 2474 sensnm
1200 2405 1321 2474 etiam

156 2514 260 2600 magis
289 2514 495 2579 excitandum
524 2514 842 2599 confirmandumque
869 2514 932 2581 hoc
960 2515 1082 2601 ipsum,
1115 2516 1200 2602 quod
1229 2525 1320 2577 cum

155 2621 250 2685 huius
279 2621 342 2685 diei
370 2621 589 2686 sollemnitate
618 2621 815 2705 sempiterno
838 2622 967 2687 vinculo
996 2623 1122 2690 sociare
1144 2623 1228 2690 iussi
1264 2633 1320 2678 811·

155 2749 236 2811 mus,
259 2728 470 2792 certaminum
494 2728 726 2792 litterariorum
751 2727 937 2793 inst'tutum
961 2730 1245 2816 victoriarumque
1289 2736 1319 2780 ΘΚ

155 2832 220 2896 illis
253 2836 490 2916 reportatarum
523 2835 654 2918 publica
686 2835 894 2899 renuntiatio.
939 2835 1021 2900 Eius
1054 2837 1139 2903 enim
1172 2817 1337 2903 consilii·

155 2939 220 3002 vim
243 2960 308 3002 non
332 2939 493 3004 immerito
518 2941 563 3005 sic
587 2941 887 3025 interpretabimur,
919 2945 956 3004 ut
983 2941 1164 3010 facinorum
1187 2931 1316 3030 potius

154 3044 283 3108 disertis
317 3043 516 3112 documentis
554 3070 651 3131 quam
679 3048 848 3112 verborum
886 3048 1054 3114 lenociniis
1086 3055 1119 3116 ct
1149 3033 1316 3138 quamvis

155 3150 310 3215 facundae
335 3152 492 3217 orationis
516 3153 683 3219 ieiunitate
711 3154 822 3219 laudes
846 3155 1113 3221 desideratissimi
1137 3140 1314 3227 PrincilJis

154 3259 317 3324 emineant
335 3282 455 3344 suaque
475 3264 507 3323 et
526 3261 612 3326 iusta
635 3283 732 3346 seque
757 3261 856 3348 digna
873 3263 907 3326 in
927 3263 997 3328 luce
1017 3265 1195 3330 collocatae
1218 3265 1316 3322 tam·

154 3367 373 3450 qunm'oculis
392 3372 578 3452 appareant.
614 3368 701 3434 Nam
720 3369 805 3453 qnod
825 3374 939 3455 suapte
962 3375 1081 3435 natura
1105 3372 1174 3437 leve
1196 3348 1316 3433 videri

154 3480 271 3557 potest,
287 3497 385 3558 prope
405 3474 557 3559 pusillum
578 3479 686 3539 autem
706 3476 732 3539 si
753 3498 826 3541 eum
845 3481 1026 3541 ceterarum
1046 3500 1153 3543 rerum
1172 3501 1191 3542 a
1211 3469 1318 3537 DIV⁰

153 3579 347 3647 annnlco
368 3582 552 3647 vaunno
573 3584 735 3667 praeclare
755 3588 920 3668 gestarum
939 3585 991 3649 vel
1016 3586 1229 3651 multitudine
1263 3555 1319 3625 Vel

154 3688 324 3772 splendore
348 3693 564 3773 comparatur,
587 3688 618 3752 id
642 3691 679 3772 si,
703 3712 765 3773 quo
790 3691 925 3755 consilio
946 3692 1115 3757 conditum
1134 3693 1184 3775 eit,
1209 3684 1321 3765 spec·

152 3800 270 3877 tamus,
293 3799 325 3859 ct
348 3795 510 3859 laudabile
530 3801 562 3860 et
581 3796 693 3860 efficax
716 3797 876 3880 imprimis
900 3818 970 3862 esse
993 3799 1226 3884 intellegimus,
1262 3774 1322 3840 „t-

153 3926 213 3987 que
237 3902 283 3965 ita
306 3908 526 3986 comparatum
552 3908 588 3967 ut
611 3903 710 3967 animi
736 3926 807 3968 vere
836 3904 918 3990 regii
949 3905 1091 3970 indolem
1122 3883 1323 3971 manifesw

152 4011 343 4075 documento
362 4014 508 4074 testetur.
541 4011 665 4094 Quippe
684 4033 748 4075 non
768 4014 835 4076 tam
855 4012 934 4076 illud
955 4013 1149 4097 suspicimus
1172 4016 1203 4076 et
1224 4002 1325 4066 lssu'

152 4118 275 4200 damus,
294 4119 378 4201 quod
399 4118 530 4182 omnino
549 4118 669 4202 ingenii
689 4119 856 4184 exercendi
874 4120 1058 4204 viriumque
1078 4101 1326 4205 augendarum

154 4223 329 4289 utilissima
353 4247 430 4290 sane
454 4225 680 4310 opportunitas
705 4226 829 4291 civibus
854 4226 1046 4292 academicis
1065 4250 1122 4312 per
1140 4213 1328 4291 haecn0‘
