2962 5032
449 140 716 189 nnnnosrronrs
740 140 952 190 ensvrrnsn.
1210 126 1275 191 363

132 288 237 351 autem
261 307 373 350 versus
396 307 461 351 non
484 284 592 350 minus
616 285 781 370 eleganter
802 284 853 349 his
878 285 1064 350 accentibus
1088 285 1231 352 incedat:

177 414 183 429 '
243 409 421 477 Factumst.
448 448 486 458 —
513 410 558 477 Vt
584 409 713 495 quidem
741 409 822 475 illud
844 412 984 496 perierit
1007 448 1051 460 -
1078 410 1214 479 Factum
1241 410 1275 478 id

929 523 1098 604 quoquest.

131 643 160 708 A
184 645 366 711 mutatione
393 648 504 711 tamen
531 644 706 710 cohibebat
732 643 947 728 dubitantem,
975 645 1116 728 quodet
1139 648 1276 729 utroque

129 752 200 817 loco
224 752 259 817 in
282 750 428 817 Calliclis
457 756 553 836 atque
575 750 747 816 Lesbonici
771 751 1009 816 contumaciam
1033 751 1178 836 apprime
1202 774 1276 817 con-

129 859 238 924 venire
266 857 431 944 participii
458 861 625 944 tamquam
652 858 836 944 praefracta
863 858 1007 923 brevitas
1036 859 1136 923 videri
1159 863 1277 943 potest,

128 969 161 1030 et
175 965 256 1031 alibi
271 988 398 1052 quoque
412 965 519 1050 ipsum
533 965 614 1030 illud
630 965 749 1046 sactum
763 965 833 1030 sine
847 971 892 1030 cst
909 964 1036 1050 dicitur,
1054 968 1091 1029 ut
1104 963 1220 1031 Bacch.
1234 965 1277 1049 II,

128 1073 158 1157 3,
182 1072 224 1137 61
255 1074 409 1155 sopieatcr
433 1073 553 1154 factum
580 1095 601 1137 a
627 1071 760 1157 uobis.*)
806 1069 868 1136 Sed
892 1094 921 1136 v.
948 1073 1033 1138 1036
1055 1094 1187 1155 aequum
1209 1073 1276 1156 qui·

127 1181 196 1245 deus
226 1184 371 1245 nonest
397 1202 458 1264 pro
484 1199 617 1262 nequam
644 1180 680 1244 id
704 1179 827 1261 quidem
850 1184 905 1258 est,
934 1178 1020 1263 quod
1043 1178 1175 1244 admisit
1197 1178 1277 1244 Her-

128 1308 276 1370 mannns,
301 1285 357 1352 sed
377 1286 579 1352 accusativus
598 1291 649 1352 est
667 1285 774 1351 neutri
793 1285 930 1371 generis,
952 1307 1085 1370 prorsus
1106 1284 1146 1350 ad
1165 1307 1276 1350 eorum

128 1392 375 1459 similitudinem
390 1415 473 1479 quae
487 1393 684 1477 praecedunt
697 1413 811 1457 morem
823 1393 1007 1475 improbum.
1040 1391 1153 1458 Certae
1168 1396 1276 1458 autem

127 1501 275 1586 nullique
304 1499 499 1566 dubitationi
527 1499 685 1565 obnoxias
714 1500 919 1584 exceptiones
947 1500 1027 1564 satis
1057 1499 1177 1584 alioqui
1201 1521 1278 1565 con·

127 1611 220 1673 stans
253 1608 305 1672 lex
336 1607 396 1672 has
429 1607 541 1672 habet:
578 1606 720 1691 primum
752 1608 969 1673 nudiussextus
1001 1629 1075 1671 curn
1107 1606 1277 1691 similibus,

128 1736 212 1800 quae
235 1736 275 1779 ne
300 1714 385 1798 apud
407 1712 560 1778 Plautum
584 1713 713 1797 quidem
737 1719 749 1778 t
770 1713 913 1778 litteram
935 1713 969 1779 in
991 1715 1055 1779 fine
1079 1713 1279 1799 asciverunt,

128 1821 242 1888 deinde
266 1844 326 1886 usn
349 1821 570 1905 frequentatas
593 1822 709 1885 mirum
731 1825 769 1886 ua'
789 1825 823 1886 et
844 1823 961 1887 mirum
988 1823 1065 1905 quia
1087 1821 1278 1906 locutiones,

128 1933 165 1994 nt
189 1952 217 1994 v.
241 1927 321 2012 4953
349 1927 480 1992 tertiam
503 1929 606 2010 potis
633 1927 685 1992 vel
708 1934 794 2010 pote
816 1950 941 2011 vocem,
971 1951 1053 2012 quae
1076 1928 1139 1994 hoc
1161 1927 1278 1993 habuit

128 2035 304 2122 singulare,
326 2039 448 2098 utnon
467 2056 526 2118 pro
545 2040 645 2118 potest
662 2038 790 2100 tantum
815 2036 865 2099 vel
883 2037 969 2118 potis
991 2042 1035 2102 est
1057 2039 1277 2119 usurparetur,

128 2143 185 2209 ssd
212 2141 311 2207 etiam
338 2163 397 2225 pro
426 2140 500 2206 aliis
527 2141 642 2207 formis
665 2141 734 2206 eius
765 2142 869 2225 verbi,
897 2142 995 2206 etiam
1023 2163 1082 2226 pro
1106 2140 1277 2205 infinitivo.

129 2250 223 2328 Quod
251 2248 313 2314 etsi
338 2269 425 2312 nunc
452 2270 517 2312 non
544 2252 640 2313 vacat
661 2249 791 2334 longius
819 2249 981 2333 persequi,
1009 2251 1119 2313 tamen
1143 2269 1181 2312 ex
1204 2247 1278 2332 ipsa

127 2358 316 2423 Trinummo
345 2354 582 2441 designandum
609 2357 673 2438 est,
705 2356 791 2439 quod
818 2354 1027 2420 Ambrosiani
1056 2354 1277 2439 praestantiae

128 2463 277 2545 debetur,
304 2483 333 2526 v.
357 2461 422 2527 352
454 2462 700 2545 quaradaquideuc
731 2483 785 2527 uec
817 2463 877 2528 tibi
908 2463 979 2527 bene
1009 2483 1071 2529 esse
1095 2464 1181 2545 po'te
1205 2462 1278 2545 pati

127 2592 224 2654 neque
250 2569 355 2635 uari:
383 2569 439 2633 ubi
467 2569 621 2634 vitiosum
651 2573 722 2635 erat
749 2568 835 2655 quod
862 2568 1059 2654 vulgabatur
1074 2574 1170 2654 potes,
1199 2592 1277 2654 quo·

128 2678 219 2744 niam
248 2677 283 2742 in
310 2676 490 2760 composito
519 2676 617 2741 verbo
645 2698 712 2741 non
740 2677 843 2761 magis
874 2697 971 2761 quam
999 2675 1033 2740 in
1061 2675 1215 2760 simplici,
1248 2696 1279 2741 es

127 2785 258 2871 syllaba
275 2782 448 2867 corripitur
467 2783 553 2867 apud
572 2781 788 2870 Plautum.**)
821 2781 893 2849 Hoc
912 2783 1014 2868 igitur
1032 2781 1110 2847 duce
1129 2783 1276 2867 exemplo

128 2893 325 2976 asperiorem
348 2888 672 2974 proceleusmaticum
696 2890 737 2954 ab
761 2890 854 2955 initio
874 2912 986 2955 versus
1006 2889 1071 2954 730
1086 2894 1187 2974 potest
1206 2890 1277 2972 pieri
1294 2911 1358 2952 oxu

128 2999 252 3066 removi
281 3020 355 3064 cum
385 2995 515 3062 Bothio.
566 2996 738 3062 Potueram
770 2997 951 3083 elegantiae
981 2998 1080 3062 etiam
1112 2996 1192 3061 illud
1222 2996 1278 3060 tri-

128 3106 237 3186 buere,
259 3108 296 3169 nt
320 3125 431 3169 versus
451 3105 494 3170 80
512 3104 709 3189 principium
734 3105 779 3169 sie
803 3104 994 3188 expolirem:
1018 3104 1092 3169 Nou
1108 3106 1194 3186 potis
1217 3104 1278 3185 [sic

129 3208 235 3278 'Prin‘
259 3233 332 3277 cum
355 3209 490 3292 Bothio]
518 3216 681 3294 utrumque
707 3212 777 3294 fieri
799 3208 1010 3295 (quamquam
1033 3210 1154 3276 licebat
1180 3210 1277 3274 etiarn

131 3319 206 3385 Nou
227 3320 312 3402 potis
338 3323 382 3384 ast
407 3319 477 3401 ficri
503 3323 667 3400 utrumque
696 3319 747 3382 vel
777 3319 918 3384 fortasse
946 3318 1021 3383 Nou
1046 3319 1132 3400 potis
1159 3323 1278 3383 utrum·

132 3430 218 3509 quest
237 3423 333 3511 picra),
359 3424 424 3489 nisi
446 3425 547 3489 nimia
569 3425 791 3509 exemplorum
815 3424 1021 3490 multitudine
1045 3427 1213 3508 correptae
1235 3431 1279 3490 cst

84 3566 91 3589 ι
135 3533 224 3600 vocis
253 3531 390 3597 offensio
419 3532 524 3598 omnis
553 3532 735 3616 tolleretur,
763 3534 801 3596 nt
827 3554 856 3596 v.
880 3533 900 3596 3
928 3534 1014 3597 adest
1040 3553 1077 3597 cu
1106 3531 1206 3612 [ade‘st
1231 3551 1278 3595 em

133 3635 268 3723 Trin.‘],
299 3638 365 3703 354
393 3639 422 3702 is
451 3645 496 3704 cst
524 3640 686 3718 immunis,
716 3638 781 3704 908
811 3639 887 3720 quid
916 3644 960 3702 cst
989 3639 1101 3721 nepoti:
1133 3637 1277 3722 qualium

134 3746 326 3813 auctoritate
349 3766 389 3809 ne
413 3767 451 3809 ea
474 3747 603 3830 quidem
626 3769 780 3833 umquam
805 3745 992 3829 sollicitavi,
1021 3767 1102 3829 quae
1125 3743 1277 3829 perfacile

133 3858 202 3920 erat
230 3852 270 3918 ad
299 3852 456 3918 maiorem
484 3853 608 3918 scilicet
636 3854 832 3939 elegantiam
864 3852 1067 3937 transposita
1094 3857 1138 3917 est
1164 3852 1275 3915 vocula

133 3961 303 4044 adducere,
331 3961 421 4025 velut
448 3984 476 4026 v.
500 3962 565 4026 630
592 3964 674 4044 quod
692 3963 929 4043 saullrrmrcmst,
958 3961 1021 4026 668
1045 3961 1091 4024 lu
1112 3978 1202 4023 amor
1227 3963 1278 4036 cst,

224 4171 253 4241 ²³)
272 4170 325 4240 [Ol.
345 4171 446 4241 Opusc.
465 4171 534 4242 phil.
553 4171 579 4226 ll
597 4189 624 4241 p.
645 4176 704 4226 609.
725 4172 798 4243 tlt]

204 4263 250 4330 **)
270 4259 323 4330 [cf.
346 4261 382 4316 ad
401 4261 490 4317 Stichi
508 4279 534 4317 v.
553 4261 626 4330 326]
