2962 5032
443 305 709 354 auusnsrroms
733 306 942 353 ruuvrmaa.
1200 290 1265 354 389

209 431 261 513 rid
275 449 416 534 papillas
431 451 546 514 maniis
561 449 653 531 ferat,
672 449 766 513 labra
780 450 799 512 a
813 448 914 512 labris
933 470 1092 531 nusquam
1112 447 1264 531 auferatz)

211 555 294 620 Tam
318 555 398 621 mihi
423 559 499 621 sunt
522 559 636 621 maniis
659 553 855 638 inquinatae.
889 553 1052 631 Quidum?
1086 555 1169 631 Quia
1188 555 1264 622 ludo

939 662 1008 726 luto
1036 662 1098 726 -?

117 770 153 832 et
180 768 296 833 horum
324 768 429 853 primo
458 790 530 833 cum
558 768 774 853 pinguissimo
802 767 931 850 quidem
954 769 1265 852 proceleusmatico?

117 873 201 939 Tam
225 879 334 940 autem
358 876 440 941 mira
462 879 579 941 natura
600 875 663 941 hoc
686 876 793 959 ipsum
817 873 868 960 (ut
886 875 921 939 in
939 897 977 939 eo
996 876 1173 959 paullisper
1192 877 1265 941 sub·

117 981 248 1067 sistam)
269 1003 401 1048 manas
422 1005 541 1049 nomen
562 983 671 1066 fuisse,
694 986 731 1047 ut
749 982 897 1046 ultimam
916 982 1086 1066 syllabam,
1106 983 1173 1048 sive
1193 1005 1264 1047 eam

117 1088 248 1154 brevem
269 1089 337 1154 sive
355 1090 497 1175 longam,
517 1090 585 1155 sive
604 1088 797 1154 consonanti
815 1089 883 1153 sive
899 1089 977 1153 adeo
992 1090 1097 1154 vocali
1111 1091 1264 1157 termina-

116 1199 196 1279 tam,
215 1216 333 1280 susque
352 1196 455 1281 deque
474 1197 733 1261 habitatatione
755 1197 916 1279 corripere
931 1196 1064 1260 liceret?
1083 1196 1211 1279 quando
1231 1202 1264 1263 et

116 1322 246 1366 erronum
274 1306 457 1387 correptum
485 1303 587 1367 habes
610 1302 728 1367 Bacch.
751 1302 776 1386 I,
802 1305 830 1386 1,
853 1301 905 1365 54.
933 1301 1047 1366 Pseud.
1071 1302 1129 1386 Ill,
1152 1305 1183 1387 2,
1208 1306 1263 1369 71:

207 1407 340 1473 Minbm
363 1409 405 1474 da
428 1412 461 1473 et
484 1430 627 1493 sequere.
674 1408 726 1472 Ah
750 1406 902 1472 minume.
948 1408 1032 1484 Quid
1056 1409 1148 1474 ita?
1178 1463 1184 1475 .
1213 1462 1256 1477 ..

207 1513 339 1580 Manhm
363 1514 394 1580 si
413 1516 576 1600 protollet,
599 1516 721 1600 pariter
744 1515 887 1599 proferto
912 1537 1059 1579 manum:

116 1626 152 1685 et
175 1621 244 1686 sine
267 1623 460 1687 consonanti
484 1622 664 1686 ablativum
687 1621 775 1686 Trin.
798 1623 876 1686 288:

207 1728 296 1809 [Tibi
318 1729 367 1793 uti
391 1728 535 1811 caueas:]
560 1727 645 1812 quod
669 1731 768 1791 mauri
789 1732 980 1812 nequeunt.
1010 1780 1015 1792 .
1046 1781 1051 1793 .
1081 1780 1086 1792 .

112 1834 238 1920 Ecquis
267 1839 317 1899 est
347 1839 456 1899 autem
489 1856 623 1919 quaeso,
656 1855 751 1918 quem
781 1834 861 1898 haec
890 1856 956 1899 non
985 1835 1118 1900 illorum
1149 1837 1263 1902 statim

114 1941 408 2006 commonefaciant
432 1941 471 2005 de
495 1941 612 2025 quibus
635 1941 668 2004 iu
688 1941 804 2026 vulgus
829 1945 970 2006 constat:
994 1943 1109 2008 horarie
1131 1944 1263 2008 bonum

113 2048 234 2112 stratos
260 2049 352 2113 retuli
382 2049 467 2112 berae
493 2049 585 2113 create
612 2049 753 2112 doraum
781 2049 876 2112 douai
903 2049 1026 2113 dorae?
1073 2048 1161 2125 Quae
1189 2051 1261 2134 quis

110 2159 183 2218 tam
207 2176 306 2238 pravo
330 2153 447 2219 iudicio
471 2160 522 2219 est
544 2159 581 2219 ut
604 2155 760 2238 correptis
792 2155 900 2238 potius
931 2155 1054 2219 ultimis
1085 2155 1261 2242 syllabis*)

110 2283 213 2345 quam
236 2261 475 2346 pronuntiando
500 2261 587 2326 elisis
611 2261 726 2345 primis
751 2260 836 2325 diota
855 2283 925 2326 esse
945 2262 1140 2326 contendat?
1174 2261 1262 2327 Inter

110 2367 174 2431 illa
192 2372 300 2432 autem
319 2371 352 2433 et
370 2388 502 2433 araucas
521 2373 554 2432 et
571 2369 667 2432 caim
691 2371 723 2432 et
747 2373 867 2432 tonica
890 2372 922 2432 et
945 2388 1064 2433 scaeua
1087 2372 1119 2432 et
1137 2369 1261 2454 simul,

112 2477 148 2538 et
177 2475 205 2540 si
233 2497 315 2560 quae
343 2474 394 2539 bis
424 2478 500 2539 sunt
528 2474 651 2558 affinia,
678 2473 755 2558 quid
783 2475 913 2538 tandem
941 2474 1137 2539 discriminis
1160 2475 1261 2540 inter-

110 2581 200 2645 cedit
229 2581 280 2645 vel
310 2581 386 2666 quid
416 2581 527 2665 potius
558 2581 811 2665 propinquitatis
842 2602 906 2645 non
938 2579 1132 2645 intercedit?
1175 2582 1259 2658 Quo-

110 2711 188 2753 rum
223 2710 337 2772 unum,
373 2693 508 2771 teriaca,
541 2689 601 2752 etsi
635 2687 805 2752 scribendo
838 2708 965 2771 quoque
997 2687 1031 2750 in
1063 2687 1260 2770 monosylla·
1275 2714 1375 2754 oxum

112 2796 190 2860 bam
219 2800 283 2859 mara
309 2795 448 2860 formam
474 2792 676 2879 transiit**),
713 2794 745 2858 id
774 2793 858 2878 quod
890 2816 956 2858 uon
987 2793 1110 2859 factum
1142 2798 1192 2857 est
1227 2794 1261 2858 in

207 2986 232 3055 *l
252 2986 305 3058 [Cf.
324 3005 353 3056 p.
372 2992 424 3042 409
444 2988 555 3057 annot]

187 3075 230 3145 **)
250 3076 425 3143 Quamquam
441 3074 470 3129 iu
483 3073 621 3129 Plautinis
636 3074 722 3143 libris,
742 3076 816 3143 quod
835 3075 930 3142 seiam
948 3076 1060 3144 praeter
1074 3075 1261 3145 compositum

113 3166 251 3221 tametsi
272 3164 389 3220 verbum
411 3165 490 3218 nulla
512 3165 589 3219 illius
611 3163 718 3219 formae
737 3165 866 3233 exempla
883 3166 1032 3233 supersunt
1050 3163 1096 3233 [ci.
1116 3163 1152 3219 ad
1171 3163 1261 3220 Stichi

115 3273 141 3311 r.
162 3254 218 3326 44].
255 3253 345 3308 Multo
370 3256 462 3309 autem
489 3253 580 3308 minus
599 3253 699 3308 Plauto
722 3253 901 3308 tribuendum
919 3259 1003 3308 tame
1021 3255 1089 3322 erat,
1108 3270 1141 3308 ex
1159 3254 1260 3310 ultimo

116 3341 297 3411 antiquitatis
315 3358 427 3398 recessu
445 3343 565 3412 petitum
585 3341 723 3411 Saliisque
743 3345 772 3397 et
789 3341 939 3397 Arvalibus
957 3359 1013 3397 una
1031 3359 1093 3396 cunr
1113 3358 1202 3396 cuore
1218 3359 1260 3397 re·

113 3431 304 3500 linquendum.
344 3431 519 3500 Omninoque
547 3431 619 3486 nihil
647 3432 737 3501 magis
765 3432 919 3486 cavendum
947 3434 991 3486 est
1015 3448 1099 3499 quam
1121 3446 1156 3484 ne
1180 3446 1261 3484 casea

114 3520 254 3576 vocabula
271 3519 411 3575 formave
429 3520 629 3575 vocabulorum
649 3520 677 3574 iu
696 3520 826 3574 Plautum
847 3519 974 3589 cupidius
993 3519 1106 3588 inieras,
1124 3535 1142 3571 a
1160 3519 1260 3587 quibus

112 3608 191 3663 illius
210 3607 269 3664 siva
288 3610 366 3663 aetas
385 3609 444 3664 sive
463 3625 508 3662 ars
526 3610 556 3663 et
574 3626 640 3662 usus
655 3607 837 3662 abhorruerit.
869 3608 892 3661 E
911 3623 1030 3676 quorum
1047 3624 1163 3662 numero
1182 3607 1261 3661 velut

114 3699 266 3767 quamde,
292 3699 377 3754 iada
402 3699 491 3768 (cuius
517 3697 546 3752 iu
570 3715 625 3752 unc
651 3698 800 3751 iadaadiea
826 3697 911 3751 verbo
939 3695 1089 3765 vestigium
1116 3695 1259 3751 relictum:

113 3806 181 3843 nam
199 3787 390 3844 diversissima
412 3789 431 3842 d
453 3787 550 3842 littera
563 3789 666 3856 prodeo
691 3789 720 3841 et
737 3787 847 3842 antideo
867 3788 895 3840 et
913 3786 1017 3840 antidit
1035 3787 1064 3839 et
1082 3786 1214 3840 uatidlaac
1232 3786 1261 3840 et

115 3877 229 3931 antidea
252 3878 282 3931 et
299 3877 426 3945 postidea
449 3877 575 3943 utuntur)
600 3878 629 3930 et
651 3892 797 3945 perperam
822 3890 839 3927 a
862 3873 957 3929 Reiaio
980 3873 1123 3928 invectum
1149 3874 1260 3928 aliato

114 3967 192 4032 suut,
220 3965 266 4020 vel
293 3970 410 4035 topper
428 3966 457 4019 et
479 3966 661 4033 amsperto,
684 3964 730 4018 vel
755 3965 857 4018 molae
875 3962 1020 4033 genetivus
1040 3961 1087 4033 [es.
1103 3963 1173 4018 Nor.
1193 3963 1259 4018 Ero.

113 4053 154 4109 l'l.
175 4054 186 4106 Ι
205 4071 233 4122 p.
253 4059 304 4107 114
315 4070 355 4121 eq.
376 4052 475 4121 Opusc.
495 4053 564 4122 phil.
583 4053 621 4106 ΙΙΙ
640 4072 667 4122 p.
689 4053 752 4123 133]
772 4055 801 4107 et
818 4054 980 4107 bernonem
997 4051 1089 4106 forma
1108 4052 1155 4122 [el.
1170 4051 1260 4106 Trin.²

115 4140 342 4211 v.1018.1130]:
362 4156 481 4208 quorum
500 4138 549 4192 ille
567 4139 639 4193 nihil
653 4155 786 4207 umquam
805 4138 927 4194 admisit.
955 4141 996 4194 Aa
1010 4142 1086 4195 reate
1106 4141 1158 4195 hoe
1172 4156 1259 4210 genus

113 4229 274 4284 universum
283 4228 460 4299 hadewigius
472 4227 610 4283 iudicavit
623 4229 652 4282 in
666 4228 883 4283 Zimmermanni
901 4228 999 4283 Dium.
1018 4229 1124 4298 antiqu.
1144 4245 1168 4283 a.
1190 4234 1258 4283 1842

114 4339 142 4390 p.
164 4325 232 4374 1067
248 4335 322 4387 sqq,
347 4317 449 4373 merita
472 4317 622 4373 severitate
645 4318 741 4373 Botbii
766 4318 868 4374 inille
891 4317 1138 4388 intemperantiam
1161 4319 1191 4372 et
1213 4317 1259 4371 rix

114 4406 263 4463 credibilia
280 4410 439 4463 commenta
456 4407 604 4477 castigans.
636 4406 740 4472 Quodsi
754 4407 892 4477 quaedam
910 4407 1036 4464 solitaria
1054 4408 1164 4463 exstant
1180 4407 1258 4463 testi-
