2962 5032
164 280 208 346 84
480 296 560 344 vem
584 295 732 343 niceten
754 295 818 343 ons
840 293 987 343 noonrsr
1027 257 1028 261 ¹

162 440 315 508 Aspectnm
334 436 436 494 metuit
452 436 542 493 vitem
560 435 619 492 sine
639 434 755 491 erimine
773 435 893 506 egentis,

234 527 274 582 Vt
290 527 392 598 glauce
409 527 497 582 solem
515 529 625 582 noctua.

165 617 265 672 Telcm
284 617 376 686 (crede
396 614 478 685 mihi)
497 634 559 670 cnm
578 618 610 670 tu
629 613 739 685 petiere
757 614 894 685 ferasque,

234 706 300 761 Sum
319 724 419 777 pessus
438 705 498 776 ipse
517 708 546 760 et
564 722 637 760 nuno
654 703 724 760 fero.

163 796 243 862 Quod
262 795 287 850 si
304 794 481 866 perstiterint
498 812 553 850 non
572 792 699 848 desinere
718 809 779 848 esse
798 791 918 860 molesti,

233 886 387 954 Vtrumque
407 883 622 939 nominabimus.
1006 864 1014 880 ⁸

162 972 269 1029 Ardeet
286 972 402 1041 interea,
422 976 559 1043 quantum
577 973 662 1041 volet,
683 972 783 1027 ardeat
802 973 832 1026 et
849 988 878 1026 se

234 1061 333 1117 Livore
352 1061 429 1117 inani
448 1063 592 1132 torqueat:

162 1151 222 1206 Nos
240 1149 376 1205 elimenta
394 1150 455 1221 igni
473 1150 602 1207 dabimu's
621 1149 770 1206 virtutibus
788 1149 860 1219 istis,

234 1240 293 1296 Nos
311 1238 405 1311 gretie
424 1257 541 1309 querum
561 1239 636 1311 fugit

163 1329 289 1398 Cumque
308 1330 392 1400 leget,
411 1328 435 1384 si
452 1328 525 1384 forte
543 1329 620 1399 leget
639 1345 710 1398 quoe
730 1327 877 1384 scribimus
896 1344 1034 1396 unquam,
1151 1383 1158 1393 l

234 1420 319 1474 Sacro
338 1419 447 1488 puellos
466 1417 577 1489 pectine

161 1507 289 1578 Aspiciet
306 1511 418 1563 nostroe
437 1506 503 1562 fidei
521 1507 689 1563 documento
707 1505 839 1574 vicissim,

234 1596 393 1667 Suspendet
411 1599 440 1652 et
458 1612 487 1651 se
507 1595 633 1652 forsitan.

163 1686 206 1740 Tu
224 1684 302 1754 prior
320 1702 447 1741 occurres
467 1685 510 1739 illi
530 1685 760 1753 stomachumque
779 1682 905 1739 movebis

235 1773 431 1830 Proelimineri
449 1775 562 1845 pagine.

162 1864 225 1918 Huc
244 1879 354 1932 quoquc
372 1863 505 1934 respiciet
522 1866 584 1933 (neo
603 1863 678 1918 enim
696 1863 773 1934 leget
792 1860 896 1932 omnis)
915 1861 987 1917 livor

235 1952 389 2022 Vitumque
407 1970 500 2008 rursus
517 1954 652 2024 perleget.

163 2041 243 2097 Eheu
261 2060 331 2112 quos
350 2042 472 2113 gemitus
491 2042 570 2098 debis
587 2041 644 2109 hic,
661 2040 848 2097 moestissimo
866 2041 953 2109 livor,

235 2130 306 2185 Tam
324 2130 403 2186 firmo
422 2148 517 2187 amore
536 2129 657 2185 territus.

165 2217 240 2285 Quin
259 2235 312 2290 ege
330 2235 364 2274 ne
384 2221 459 2289 garri
477 2222 587 2276 contre:
605 2236 660 2274 neu
679 2219 782 2289 perfide
796 2219 892 2288 latres,

236 2307 273 2363 Ni
291 2308 434 2378 perditum
448 2307 484 2362 iri
502 2296 535 2364 tc*
548 2309 634 2364 voles.

164 2398 203 2453 At
220 2399 261 2467 tu,
279 2397 438 2468 quicunque
457 2414 486 2453 es
505 2398 593 2453 lector
611 2396 670 2452 sine
688 2398 753 2453 labe
771 2395 891 2466 futurus,

231 2483 352 2557 'ignosce
370 2484 438 2541 Vito
458 2504 490 2541 ec
508 2486 599 2542 Helio.

164 2575 215 2630 Est
233 2592 303 2648 opus
322 2576 422 2632 audaci
440 2593 550 2632 muscos
569 2592 662 2631 arcere
680 2575 794 2646 flugello
813 2574 935 2645 (flebello
954 2575 1021 2630 Her.
1043 2576 1141 2645 clrior),

234 2664 278 2720 Ne
297 2681 380 2735 saepe
399 2667 527 2736 pungunt
544 2665 645 2734 libere;

165 2753 349 2822 Irrequietum
367 2754 474 2811 unimel
491 2757 582 2811 rostro
601 2755 745 2810 mordente
764 2753 921 2809 timendum

117 2834 123 2850 ’
235 2843 369 2899 Facessat
385 2843 415 2898 in
433 2861 492 2899 rem
510 2843 669 2914 pessimam.

166 2933 204 2986 et
221 2934 253 2986 tu
270 2936 429 2988 nostrorum
449 2932 535 2989 studii
554 2932 683 3004 vitaeque
703 2932 807 2989 sodalis

238 3021 298 3086 Quo
317 3021 364 3075 vix
381 3021 472 3092 magis
490 3023 640 3094 quicquum
658 3022 759 3092 placet.

166 3110 209 3165 Ne
227 3110 333 3179 doleas,
352 3109 376 3164 si
394 3113 423 3166 te
442 3112 533 3167 melus
550 3111 702 3167 insectetur
720 3113 750 3167 et
768 3111 854 3166 audet

237 3197 338 3253 Lisore
357 3197 473 3269 dignum
492 3199 617 3266 credere3

167 3288 257 3344 Ceuse
274 3291 323 3343 tue
341 3290 384 3343 cst
402 3287 501 3359 virtue,
519 3305 660 3357 nunquam
680 3290 758 3343 earet
775 3287 828 3343 ille
845 3286 986 3359 malignis,

239 3376 292 3442 Qui
310 3377 467 3446 detrahent,
486 3377 625 3433 osoribus:

167 3467 249 3534 Quin,
268 3483 330 3536 ege,
348 3464 444 3521 deride
464 3467 619 3535 coeptoque
637 3465 735 3519 insiste
753 3464 856 3519 labori:

239 3555 328 3609 Codro
347 3554 501 3624 crepabunt
518 3553 578 3608 [liu.
