2962 5032
550 197 786 246 curararscnn
809 198 937 244 nanus.
1249 183 1312 248 651

165 365 245 408 rum
264 343 385 409 alterae
403 346 553 408 naturam
573 363 670 427 quam
689 341 820 424 proprio
839 341 970 406 nominc
988 363 1151 426 vocamus,
1174 345 1314 406 mentem

168 448 350 514 humanam
383 449 446 515 sibi
477 447 738 533 investigandam
772 447 892 512 alterae
921 452 1067 513 sumunt:
1103 448 1157 513 hic
1188 469 1314 532 quoque

170 558 306 643 propria
336 578 408 622 esse
438 556 613 621 ambitioso
643 554 692 619 illi
723 554 931 638 comparandi
962 555 1070 620 studio
1101 553 1192 619 sedes
1223 555 1315 618 solet.
1347 601 1353 613 .

171 661 266 729 Nihil
289 663 377 728 enim
399 662 599 746 frequentius
622 661 809 744 usuvenit,
833 684 929 746 quarn
953 665 990 725 ut
1012 663 1063 727 vel
1085 662 1229 746 physicis
1257 684 1315 725 nu·

170 791 233 856 gas
261 774 402 835 tractare
429 769 701 853 infructuosisque
731 768 987 853 quaestiunculis
1016 772 1048 834 ct
1076 770 1116 833 ab
1145 770 1230 834 vitae
1259 769 1315 833 hu·

172 899 291 943 manae
310 877 422 942 usibus
442 876 555 940 alienis
574 876 727 941 delectari
747 876 916 961 philologi,
930 875 1088 959 historici,
1106 875 1316 941 iureconsulti

170 984 359 1070 videantur,
390 985 441 1048 vel
469 1005 547 1066 prae
575 983 721 1066 physicis
748 982 783 1046 hi
811 987 915 1048 semet
941 981 1143 1048 fastidiosius
1173 983 1317 1066 efferant,

172 1093 295 1178 quippe
318 1097 413 1158 tanto
433 1115 507 1156 suas
526 1090 714 1175 disciplinas
733 1091 835 1174 pluris
854 1091 1021 1173 facientes,
1045 1094 1165 1174 quanto
1189 1089 1317 1173 corpori

173 1221 267 1264 mens
296 1202 329 1264 et
357 1199 485 1263 animus
513 1201 666 1282 praestet.
712 1197 829 1274 Qualia
852 1197 971 1262 iudicia
994 1198 1074 1263 mihi
1098 1198 1225 1283 quidem
1248 1201 1316 1262 tam

173 1303 318 1389 insipida
345 1305 494 1370 ridentur
520 1309 677 1389 tantaque
706 1326 776 1369 esse
808 1308 974 1388 tamquam
1007 1303 1108 1388 pestis
1142 1303 1317 1386 doctrinae,

173 1416 212 1479 ut
240 1435 280 1478 ex
308 1413 407 1477 animi
436 1415 596 1477 sententia
623 1411 899 1496 perhorrescenda
926 1415 959 1476 et
986 1411 1116 1476 homine
1139 1410 1317 1476 liberaliter

173 1518 312 1585 educato
340 1542 473 1603 prorsus
501 1520 637 1604 indigna
664 1541 826 1602 censeam,
859 1522 955 1603 atque
984 1518 1062 1583 adeo
1086 1519 1230 1583 omnium
1253 1517 1317 1602 pri·

175 1612 280 1710 nium,
303 1626 497 1712 simulatque
521 1627 560 1691 de
583 1626 714 1691 homine
737 1626 898 1709 litterato,
921 1647 1016 1709 quem
1038 1626 1180 1690 nondum
1203 1627 1318 1708 norim,

176 1732 300 1797 mentio
322 1732 444 1797 iniecta
467 1733 525 1816 sit,
553 1732 712 1798 sciscitari
735 1732 815 1796 illud
839 1733 975 1816 soleam,
999 1753 1080 1816 quae
1102 1753 1201 1816 penes
1223 1732 1317 1797 illum

175 1840 222 1906 sit
244 1843 433 1921 ceterarum,
456 1840 490 1904 iu
513 1840 630 1924 quibus
649 1841 719 1924 ipse
738 1862 802 1904 non
823 1839 958 1922 habitet,
982 1841 1101 1905 artium
1119 1839 1317 1905 litterarum·

176 1970 237 2034 qus
267 1947 478 2014 existimatio:
511 1969 575 2033 qua
603 1947 732 2032 quidem
760 1968 794 2010 re
823 1947 1002 2011 certissime
1030 1946 1177 2012 videmur
1209 1968 1318 2011 veram
1405 2002 1409 2013 .

176 2055 356 2122 doctrinam
380 2053 889 2139 politioremquehumanitatem
913 2075 1052 2118 censere.
1083 2054 1159 2120 Non
1177 2051 1318 2138 impedio

177 2162 245 2228 ullo
269 2161 380 2245 modo,
403 2163 436 2226 id
459 2159 543 2246 quod
567 2161 632 2224 iam
657 2160 896 2244 significatam,
919 2160 1090 2244 quominus
1114 2183 1173 2225 sua
1195 2159 1319 2225 unicui·

177 2290 240 2354 que
267 2290 321 2335 ars
349 2291 425 2333 cara
447 2269 490 2333 sit
514 2271 642 2352 practer
665 2271 800 2332 ceteras:
835 2273 868 2331 et
891 2272 941 2331 est
963 2268 1058 2333 nobis
1081 2266 1226 2351 profecto
1251 2270 1319 2331 tam

177 2397 254 2440 cars
280 2373 472 2460 philologia,
506 2379 542 2439 ut
569 2374 653 2439 nihil
682 2395 794 2458 supra3
828 2373 883 2438 sed
911 2377 945 2438 et
972 2378 1081 2459 potest
1108 2377 1141 2437 et
1162 2373 1259 2438 debet
1281 2394 1319 2436 ea

177 2481 296 2548 caritas
320 2504 393 2546 cum
417 2504 454 2546 ea
476 2480 674 2546 liberalitate
699 2502 769 2545 esse
793 2480 979 2563 coniuncta,
1002 2501 1085 2564 quac
1107 2480 1239 2544 meritos
1262 2479 1319 2543 ho·

176 2610 274 2655 nores
307 2588 421 2653 alienis
454 2589 571 2653 studiis
604 2589 728 2653 tribuat
756 2587 965 2671 omniumque
996 2587 1125 2651 demum
1156 2587 1319 2651 consocia·

178 2697 268 2762 tione
290 2695 388 2781 (quae
410 2695 443 2760 in
466 2718 565 2760 unum
590 2695 761 2760 mortalem
784 2715 850 2758 non
873 2693 968 2776 cadit,
990 2694 1045 2758 sed
1065 2695 1173 2758 mente
1192 2696 1319 2757 tanturn

178 2807 212 2868 et
235 2804 433 2889 cogitatione
456 2799 752 2887 comprehenditur)
777 2801 810 2864 id
833 2800 918 2866 effici
941 2799 1124 2884 intellegat,
1146 2801 1232 2884 quod
1255 2823 1320 2866 non

176 2911 280 2977 nimio
308 2910 479 2975 intervallo
509 2910 550 2974 ab
578 2910 648 2992 ipsa
676 2908 808 2973 notione
839 2907 991 2972 scientiae
1019 2909 1052 2970 et
1080 2906 1321 2992 intellegentiae

178 3018 287 3083 distet.
323 3017 411 3101 Ergo
435 3016 633 3081 detestamur
655 3019 688 3079 et
710 3014 937 3079 abominamur
961 3012 1151 3078 ambitiosas
1175 3014 1250 3079 illas
1274 3015 1320 3079 in·

178 3125 387 3209 solentesque
410 3123 643 3205 contentiones,
666 3121 783 3207 quihus
807 3120 845 3184 de
868 3120 1050 3204 principatu
1074 3118 1213 3203 quodam
1233 3122 1322 3187 velut

178 3231 388 3316 philosophia
419 3234 452 3294 et
481 3229 671 3313 disciplinae
701 3228 875 3293 historicae
907 3231 1074 3293 certarunt
1104 3226 1322 3310 iniquissime:

179 3359 316 3422 quarum
347 3336 476 3421 quidem
507 3339 619 3400 mutua
648 3335 730 3399 ratio
758 3355 822 3397 non
852 3338 902 3398 est
936 3334 1014 3416 alia,
1046 3332 1109 3397 uisi
1142 3333 1228 3417 quod
1261 3335 1321 3399 viis

179 3442 329 3526 diversis,
354 3444 409 3508 sed
433 3444 472 3508 iis
497 3465 597 3528 aeque
620 3440 826 3522 necessariis,
849 3440 889 3504 ad
912 3439 1047 3504 eundem
1071 3440 1168 3504 finem
1192 3445 1321 3505 conten·

179 3549 275 3631 dunt,
298 3549 354 3632 qui
378 3553 428 3614 est
450 3549 634 3614 inveniendi
657 3548 738 3612 veri:
770 3547 934 3631 ceteroqui
956 3569 996 3610 ne
1021 3569 1040 3610 a
1062 3567 1170 3610 rerum
1193 3546 1322 3631 quidem

181 3657 381 3740 argumentis
404 3656 540 3721 dirersis
564 3654 827 3738 proficiscuntur,
852 3653 906 3717 sed
929 3653 963 3718 iu
986 3653 1026 3717 iis
1051 3653 1171 3737 pariter
1193 3676 1321 3719 versan-

182 3766 245 3845 tur,
269 3785 351 3846 quae
375 3765 507 3829 omnino
533 3761 711 3847 cognitioni
735 3761 894 3826 humanae
918 3760 1063 3824 subiecta
1087 3764 1223 3827 exstant
1254 3758 1323 3826 Nec

181 3870 346 3956 theologia
369 3872 472 3936 sicubi
496 3871 711 3955 principatum
737 3868 894 3953 quendam
919 3868 1059 3945 affectat,
1082 3869 1187 3952 magis
1206 3869 1321 3933 tolera
1336 3883 1371 3922 11

182 3977 240 4042 bili
263 3979 350 4043 fastu
370 3979 452 4063 agit:
477 3978 555 4043 deris
575 3978 669 4059 enim,
693 3980 730 4040 ut
748 3975 859 4059 paucis
879 3974 1084 4058 complectar,
1107 3976 1140 4039 in
1159 3975 1323 4057 omnibus3

182 4087 216 4148 et
242 4084 425 4167 quaerimus
454 4084 548 4148 deum
576 4103 702 4146 omnes:
736 4082 776 4146 ad
804 4081 1004 4167 eundemque
1032 4082 1237 4166 perveniunt,
1269 4082 1324 4166 qui

183 4189 260 4255 dum
284 4191 316 4256 id
340 4195 455 4276 agunt,
478 4195 515 4255 ut
538 4213 644 4256 rerum
669 4190 861 4255 varietatem
886 4190 953 4254 sive
976 4189 1133 4254 historiae
1156 4188 1228 4253 lucc
1251 4188 1324 4252 illu-

183 4302 321 4362 stratam
350 4298 417 4361 sire
446 4298 563 4363 mentis
593 4297 659 4362 acie
684 4297 886 4361 enucleatam
911 4297 1018 4361 animo
1043 4295 1324 4381 comprehendant,
