2962 5032
493 284 758 333 auaunurrours
783 285 994 332 enavnruua.
1253 268 1315 331 311

182 428 372 495 mentatione
400 433 614 514 excerptaque
641 428 675 493 iu
704 426 902 494 Bacchidem
934 428 1076 493 editione
1103 425 1318 511 plurimorum

181 535 404 622 exemplarium
423 535 619 620 discrepanti
639 535 798 620 scriptura
817 539 989 620 postquam
1012 534 1226 600 falsissimum
1247 555 1319 599 esse

175 643 325 729 apparuit
347 643 403 728 qui
426 642 466 707 de
487 643 597 708 nescio
620 642 736 732 quibus
761 646 962 706 vetustarum
986 642 1166 707 editionum
1188 641 1318 706 thesau-

174 750 216 815 ris
238 749 295 814 diu
319 771 431 816 rumor
454 748 661 832 obtinuisset,
682 770 770 814 nune
792 770 857 813 non
882 752 952 813 erat
973 748 1119 834 profecto
1143 770 1199 813 eur
1222 748 1257 813 in
1280 769 1317 812 eo

169 878 289 943 genere
313 856 383 921 aine
406 857 513 921 fructu
541 856 645 921 denuo
668 878 878 922 moraremur.
923 854 1037 939 ltaque
1060 876 1132 920 cum
1158 853 1318 919 editorum

168 968 239 1028 tum
267 966 449 1029 ceterorum
477 963 663 1028 criticorum
690 963 825 1029 nomina
853 963 900 1027 eis
924 966 1052 1027 tantum
1077 960 1156 1027 locis
1180 982 1318 1026 comme·

170 1071 313 1155 moravi,
340 1069 460 1154 quibus
486 1069 535 1134 illi
563 1069 614 1134 vel
638 1069 760 1155 aliquid
784 1069 900 1135 salutis
923 1069 1114 1134 attulissent
1135 1067 1186 1132 vel
1209 1067 1318 1152 aliqua

166 1178 209 1244 de
232 1200 333 1244 causa
352 1176 603 1259 memorabilem,
626 1176 773 1262 quamvis
797 1199 816 1241 a
839 1198 914 1241 vero
933 1176 1137 1241 aberrantem
1157 1174 1317 1241 coniectu-

165 1307 241 1351 ram
266 1284 499 1350 admovissent:
530 1283 659 1369 quando
686 1283 785 1349 etiam
814 1305 938 1348 errores
967 1305 1036 1348 esse
1064 1281 1222 1347 eiusmodi
1245 1304 1318 1366 pos·

166 1396 259 1476 sunt,
289 1396 327 1456 ut
356 1390 478 1475 aliquid
510 1391 560 1456 vel
589 1390 694 1456 laudis
726 1390 777 1455 vel
807 1390 960 1454 utilitatis
989 1388 1139 1454 habeant.
1185 1388 1224 1454 In
1253 1410 1316 1473 quo
1365 1446 1371 1457 .

168 1499 276 1565 sicubi
305 1497 442 1562 videbor
469 1497 591 1563 nimius
618 1496 731 1580 fuisse,
759 1496 966 1582 quantumvis
994 1496 1045 1560 vel
1073 1495 1237 1560 inutilium
1260 1495 1316 1559 ha·

168 1605 382 1671 riolationum
401 1604 452 1669 vel
471 1604 696 1688 imperitarum
717 1604 934 1669 mutationum
954 1603 1058 1668 sciens
1077 1602 1208 1667 silentio
1227 1622 1318 1686 prae·

169 1712 331 1778 terierim:
367 1709 471 1776 nimia
501 1711 588 1776 volui
623 1711 793 1797 diligentia
828 1733 925 1795 quarn
958 1710 1130 1775 severitate
1167 1710 1317 1795 aliquave

164 1819 378 1905 neglegentia
396 1839 537 1902 peecare.
574 1817 619 1883 Et
643 1817 803 1883 editorum
826 1817 965 1902 quidem,
987 1817 1043 1902 qui
1061 1816 1219 1880 Merulam
1242 1838 1315 1901 pro·
1331 1835 1375 1875 nu

166 1927 258 1991 ximo
286 1925 457 1991 intervallo
486 1925 586 1990 secuti
610 1931 701 2008 sunt,
730 1924 868 2007 perlevis
896 1923 936 1987 ad
964 1923 1198 1989 emendandum
1222 1923 1316 1988 Plau·

168 2038 241 2097 tum
269 2054 368 2116 opera
394 2031 472 2096 fuit:
501 2036 538 2096 ut
559 2030 693 2097 Eusebii
718 2029 884 2096 chrnau
908 2035 941 2095 et
966 2029 1107 2116 Philippi
1131 2029 1316 2095 Baaounm

165 2140 202 2205 in
241 2139 437 2204 editionibus
471 2138 767 2204 Mediolanensibus
800 2160 957 2203 annorum
991 2154 1257 2204 cloccccnxxxx
1285 2141 1318 2200 et

133 2324 141 2335 .
168 2264 277 2313 claro:
305 2245 415 2330 paullo
443 2246 550 2329 plura,
578 2245 612 2309 in
639 2245 691 2309 his
716 2248 823 2310 autem
851 2245 1008 2329 quaedam
1032 2243 1224 2326 rectissime,
1253 2264 1316 2307 uon

170 2356 354 2435 mutarunt,
377 2352 433 2417 sed
456 2352 576 2417 mutari
599 2352 632 2416 in
655 2351 921 2417 annotationibus
945 2352 1108 2416 iusserunt
1131 2347 1315 2415 Bernardus

167 2459 374 2525 Sauscsuvs
398 2457 542 2524 Venetae
566 2482 594 2523 a
617 2475 966 2525 cloccccnxxxxvllu
990 2458 1092 2523 editor
1116 2460 1150 2522 et
1173 2459 1315 2541 perversi

167 2566 292 2651 alioqui
320 2566 418 2632 homo
445 2565 555 2630 iudicii
578 2565 603 2632 I.
626 2563 662 2630 B.
688 2566 768 2630 l'rvs
796 2566 831 2629 in
854 2564 1087 2630 Mediolanensi
1116 2587 1143 2628 a.
1168 2557 1275 2646 01010,
1299 2588 1315 2628 e

170 2672 262 2738 cuius
281 2672 522 2737 absurdissimis
542 2694 772 2755 saepenumero
792 2671 984 2737 coniecturis
1004 2675 1110 2736 totum
1123 2670 1315 2754 pependisse

167 2779 335 2845 Simonem
359 2776 606 2864 Carpentarium
630 2779 794 2844 hominem
818 2778 914 2864 longe
937 2777 1186 2864 ignavissimum
1205 2778 1226 2842 l.
1246 2800 1270 2842 s.
1291 2801 1315 2841 s.

167 2885 262 2952 docui
276 2908 307 2970 p.
320 2887 386 2952 488
399 2888 453 2967 [=
466 2887 523 2967 76]
535 2908 603 2970 sqq.
631 2883 729 2951 (iuius
744 2890 852 2950 autem
867 2885 898 2950 in
914 2885 1075 2969 plerisque
1092 2882 1211 2948 fabulis
1225 2904 1315 2969 gras-

166 2997 240 3058 sata
259 2996 310 3057 est
333 2992 480 3058 mutandi
502 2992 635 3057 licentia
663 2991 875 3075 incredibilis,
904 3013 964 3057 nec
986 2995 1097 3055 tamen
1120 3012 1158 3056 ea
1182 3012 1314 3074 prorsus

167 3099 384 3181 infructuosa,
422 3097 583 3164 Punnas
622 3099 655 3162 iu
693 3097 852 3164 Brixiensi
890 3099 965 3164 anni
1004 3116 1133 3165 crolovr
1172 3097 1313 3163 editione

167 3204 395 3271 Trinummum
426 3206 554 3289 quidem
586 3205 637 3269 vix
669 3206 793 3289 attigit:
824 3227 883 3270 uec
914 3205 979 3271 iere
1010 3206 1114 3290 magis
1145 3205 1199 3290 qui
1228 3204 1313 3269 bunc

166 3317 244 3378 sunt
271 3312 374 3377 secuti
400 3309 558 3378 Nicolaus
586 3312 765 3377 Auanmvs
799 3312 833 3377 in
862 3312 994 3377 Iuntina
1029 3335 1056 3377 a.
1081 3328 1252 3379 croroxuu
1281 3317 1315 3376 et

166 3420 202 3484 in
226 3418 355 3484 Veneta
377 3440 405 3483 a.
429 3435 594 3484 croloxxu
619 3420 740 3484 Anava
765 3441 836 3483 cum
861 3419 1015 3484 Asulano.

255 3525 308 3588 lta
339 3547 390 3588 res
418 3524 523 3589 omnis
551 3525 591 3588 ad
618 3525 782 3590 Ioncfflrss
810 3522 1006 3590 Carinarum
1039 3524 1195 3589 nostratis
1225 3545 1314 3609 egre·

168 3633 257 3715 giam
290 3631 483 3697 industriam
517 3654 555 3696 ac
586 3630 780 3696 laudabilem
813 3654 871 3715 pro
910 3631 995 3696 illius
1034 3631 1150 3696 aetatis
1188 3630 1313 3696 ratione

167 3738 371 3824 diligentiam
395 3737 524 3802 redacta
544 3741 606 3803 est:
631 3738 685 3822 qui
705 3738 791 3822 quod
816 3760 853 3801 ex
874 3736 1053 3802 Basileensi
1073 3739 1148 3802 anni
1169 3755 1312 3804 croloun

168 3847 323 3929 editione,
355 3844 493 3929 repetita
524 3846 582 3910 illa
609 3844 739 3929 Georgii
768 3845 908 3909 Fabricii
943 3845 992 3908 sui
1021 3844 1106 3910 curis
1136 3843 1255 3908 ibidem
1284 3866 1312 3908 a.

168 3971 360 4035 crolanvur,
383 3974 501 4016 nomeu
525 3952 650 4017 invenit
673 3952 881 4035 sospitatoris
904 3950 1027 4034 Plauti,
1056 3973 1093 4016 eo
1122 3973 1235 4035 reapse
1259 3973 1311 4016 ex·

168 4061 253 4126 stitit
275 4060 493 4144 dignissimus.
540 4057 638 4123 Cuius
664 4059 767 4124 laudis
791 4059 853 4123 etsi
876 4081 952 4143 pars
983 4059 1138 4142 primaria
1168 4083 1205 4124 eo
1237 4082 1310 4125 eon·

168 4167 304 4250 timetur,
334 4165 419 4251 quo'd
448 4164 747 4248 praestantissimos
776 4166 877 4230 libros
904 4165 1071 4230 Palatinos
1103 4166 1170 4233 BC
1196 4171 1310 4233 nactus

168 4278 356 4359 esttamen
382 4273 479 4337 etiam
504 4272 559 4335 ubi
584 4272 624 4336 ab
648 4271 700 4335 his
724 4294 788 4337 uon
812 4272 947 4337 haberet
970 4277 1121 4357 paratum
1146 4273 1310 4357 auxilium,

166 4379 289 4465 insigni
317 4401 411 4463 saepe
439 4378 616 4464 sagacitate
644 4378 844 4464 palmarique
872 4379 1093 4445 emendatione
1125 4401 1235 4445 verum
1263 4379 1310 4444 iu·
