2926 5040
496 334 630 384 sarran
651 335 700 384 un
724 335 861 384 rnnsss
885 336 1036 385 runouo.
1273 322 1337 387 229

149 477 343 561 strophae,
370 479 518 564 quaein
541 479 768 563 tranquilliore
795 479 990 544 instantium
1013 481 1229 564 periculorum
1254 504 1337 548 oom-

150 585 425 650 memoratione
453 585 671 669 eontinuaque
701 584 833 649 deorum
862 585 1093 669 imploratione
1116 589 1339 672 versabantur,

152 688 275 755 denuo
309 691 505 777 repentinis
538 692 716 757 terroribus
745 715 773 756 v.
805 692 868 757 135
895 695 925 774 (ἓ
940 693 957 756 ἔ
971 695 987 758 ἓ
1002 693 1032 775 ἔ)
1060 693 1202 777 virgines
1231 696 1337 760 exani·

153 800 281 863 matae
302 798 341 863 in
362 820 472 865 novos
495 799 645 884 plauctus
667 804 851 883 erumpunt,
875 822 956 884 quos
981 798 1110 884 quidem
1133 800 1198 865 iam
1223 801 1337 886 singil-

155 904 279 988 latim,
305 909 349 970 ut
376 905 420 970 ab
444 904 551 989 initio,
574 905 677 970 etita
699 905 796 970 simul
820 911 1071 991 persequuntur,
1095 910 1132 971 ut
1153 907 1336 974 institutam

155 1012 204 1076 ab
234 1013 410 1078 universo
439 1011 538 1079 choro
561 1011 694 1077 deorum
716 1012 954 1079 invocationem
979 1014 1183 1097 continuent,
1205 1014 1337 1099 singula

159 1119 322 1206 singulis
339 1119 500 1185 lamentis
512 1119 646 1185 nomina
660 1119 792 1184 deorum
812 1120 992 1204 iungentes.
1018 1119 1124 1204 Atque
1143 1120 1189 1186 sio
1207 1121 1337 1186 demum

160 1227 402 1314 intellegitur,
425 1249 483 1293 cur
501 1226 672 1292 eorundem
697 1226 830 1292 deorum
854 1227 1056 1311 quorundam
1080 1227 1201 1292 mentio
1225 1227 1335 1293 iterari

163 1334 204 1398 in
228 1333 303 1399 hac
328 1336 430 1418 parte
453 1333 605 1399 carminis
629 1333 797 1398 commode
820 1333 977 1417 potnerit3
1001 1356 1076 1399 uam
1095 1338 1225 1418 praeter
1243 1335 1337 1400 Iuno

167 1462 262 1525 nem,
289 1460 382 1524 quae
405 1460 483 1504 sane
500 1461 585 1505 nova
604 1439 735 1521 accedit,
759 1445 827 1504 tum
848 1440 973 1506 Dianae
996 1445 1065 1506 tum
1085 1440 1248 1525 Apollinis
1267 1446 1335 1505 tum

166 1546 328 1613 Palladis
363 1546 489 1611 mentio
520 1546 585 1610 iarn
617 1546 703 1612 iacta
733 1550 829 1611 antea
863 1548 904 1612 ab
939 1549 1089 1614 universo
1123 1547 1221 1613 choro
1255 1553 1333 1612 erat.
1351 1578 1377 1615 u

168 1654 329 1721 Tantum
355 1657 464 1718 antem
487 1652 617 1718 ridetur
639 1653 796 1718 affirmari
820 1653 906 1718 haud
925 1653 1126 1721 haesitanter
1150 1676 1256 1738 posse,
1278 1676 1337 1719 neo

170 1760 359 1828 duodecim
375 1781 532 1843 apparere
550 1781 763 1843 personarum
782 1760 932 1844 vestigia,
952 1783 1033 1845 quas
1052 1761 1087 1826 in
1106 1761 1168 1826 hao
1182 1762 1337 1846 Aeschyli

116 1848 119 1959 ξ
171 1868 297 1935 fabula
326 1865 394 1932 eibi
417 1864 590 1951 indagasse
613 1867 702 1932 risus
731 1872 781 1932 est
803 1867 978 1932 Muellerus
1007 1869 1040 1933 in
1064 1868 1180 1934 Aesch.
1202 1868 1337 1934 Eumen.

116 1962 118 1969 ¹
174 1998 207 2061 p
231 1975 281 2041 78
297 1996 365 2058 sq„
391 1994 452 2038 nec
475 1973 749 2059 quattuordecim,
776 1976 832 2059 qni
854 1998 1009 2041 numerus
1038 1977 1118 2040 satis
1145 1998 1203 2059 per
1227 1998 1260 2040 se
1285 1999 1336 2040 su-

173 2086 316 2169 spectus
346 2077 508 2145 Paaeorio
538 2080 662 2164 placuit
692 2086 725 2146 et
756 2081 918 2147 Ahrensio
948 2082 982 2146 in
1013 2082 1101 2149 Diar.
1130 2083 1283 2149 scholast
1307 2105 1335 2148 a

176 2189 268 2256 1833
299 2210 334 2272 p.
363 2187 438 2252 270.
484 2185 553 2252 Nec
584 2186 690 2271 magis
723 2187 935 2273 Bambergeri
973 2189 1058 2253 ratio
1091 2189 1336 2254 commendatur

121 2332 124 2337 ·
176 2296 231 2383 (de
255 2315 364 2361 carm.
387 2291 505 2357 Aesch.
527 2315 548 2356 a
568 2297 653 2378 part
676 2293 766 2360 chori
790 2298 873 2359 cant.
896 2317 927 2378 p.
941 2296 983 2359 47
996 2293 1091 2381 sqq),
1114 2299 1183 2359 tam
1207 2295 1265 2359 illa
1288 2295 1335 2359 in·

177 2405 366 2486 concinna,
400 2404 438 2465 ut
468 2399 550 2466 nihil
582 2422 690 2485 snpra.
736 2400 860 2466 Contra
892 2401 1093 2487 singularum
1125 2424 1335 2487 personarum

176 2512 265 2578 ullas
294 2512 411 2594 partes
439 2528 511 2572 esse
537 2527 662 2591 negans
685 2507 883 2573 Klausenius
912 2511 1020 2573 totum
1047 2529 1176 2573 carmen
1199 2508 1336 2592 integris

116 2614 118 2683 J
177 2616 348 2702 disposuit
372 2611 518 2696 strophis
545 2619 578 2678 et
606 2613 822 2697 antistrophis
850 2614 884 2676 in
908 2613 996 2678 Diar.
1020 2613 1174 2679 scholast.
1199 2636 1225 2678 a
1252 2615 1337 2679 1830

116 2758 118 2769 ·
175 2749 205 2810 ρ.
232 2725 320 2788 1171
336 2743 423 2805 sqq,
453 2719 536 2783 uude
564 2722 690 2805 aliquot
718 2720 894 2804 scripturas
919 2722 952 2784 in
976 2722 1176 2805 propositam
1200 2745 1220 2785 a
1242 2722 1336 2787 nobis

175 2831 267 2896 chori
298 2827 446 2912 speciem
475 2827 656 2891 ascivimus.
703 2826 821 2891 Mirum
852 2831 902 2892 est
929 2831 1038 2892 autem
1066 2833 1233 2912 tamqnam
1265 2852 1336 2893 cou-

174 2937 359 3003 trariorum
389 2932 463 2998 loco
492 2933 533 2997 ab
561 2934 711 2999 omnibus
741 2933 853 2997 haberi
886 2939 1059 2999 metrorum
1092 2936 1335 3018 responsionem

116 3048 118 3053 ’
175 3052 206 3111 et
228 3042 470 3110 recitationem
494 3040 688 3126 singillatim
713 3041 847 3125 factam3
875 3041 1013 3127 insignis
1042 3042 1129 3106 enim
1158 3065 1210 3107 ars
1240 3065 1333 3126 quae·

172 3152 246 3217 dam
278 3154 460 3234 poetarum
489 3147 522 3210 in
549 3168 587 3211 eo
616 3147 829 3231 conspicitur,
859 3152 895 3211 ut
924 3147 1022 3211 etiam
1047 3169 1130 3231 quae
1156 3171 1175 3211 a
1199 3147 1335 3233 singulis

172 3256 329 3343 personis
349 3253 569 3318 recitarentur
584 3254 771 3337 particulae,
788 3276 994 3319 numerorum
1010 3254 1229 3318 concinnitate
1245 3277 1336 3318 exae-

173 3370 372 3451 quarentur.
421 3357 510 3434 Quae
540 3381 593 3422 ars
622 3360 649 3424 si
678 3361 711 3424 iu
740 3360 801 3424 hoc
830 3359 937 3443 ipsum
966 3382 1094 3425 carmen
1128 3360 1229 3443 eadit,
1260 3361 1337 3425 licet

175 3473 234 3538 hoc
260 3472 316 3535 ita
341 3466 394 3531 uti
419 3464 553 3529 fecimus
584 3464 777 3548 significare,
801 3471 837 3530 ut
860 3467 992 3531 Graecis
1016 3466 1135 3530 litteris
1158 3472 1335 3531 metrorum

169 3574 417 3666 congruentia,
446 3571 587 3636 numeris
616 3575 723 3635 autem
753 3575 886 3636 notetur
914 3571 993 3636 ordo
1021 3593 1242 3654 personarum.
1289 3572 1336 3635 Ac

168 3684 279 3750 multo
317 3683 412 3745 certe
441 3677 546 3741 minus
574 3676 802 3760 dubitationis,
834 3700 931 3761 quem
960 3678 1168 3761 stropharum
1197 3677 1237 3741 ab
1265 3682 1335 3741 toto

165 3791 273 3857 choro
295 3788 520 3862 cantaturum,
540 3783 760 3848 membrorum
780 3784 911 3848 illorum
932 3784 1146 3868 singularium
1166 3784 1334 3867 responsio

165 3897 284 3965 habet.
337 3889 436 3967 Quod
465 3889 594 3973 quidem
623 3912 696 3954 oum
724 3889 762 3954 de
792 3913 819 3955 v.
848 3890 1019 3954 135-149
1049 3889 1090 3953 ab
1120 3910 1335 3971 unoquoque

163 4002 267 4069 facile
295 3997 500 4064 concedatur
523 3996 612 4082 (quis
636 3998 723 4062 enim
747 3998 968 4081 importunum
999 3995 1077 4060 illud
1106 3995 1233 4074 Ἄρτεμι
1257 3995 1337 4074 φίλα

164 4110 220 4174 rel
247 4107 306 4174 ἒέ
320 4104 375 4170 {e
398 4104 483 4169 serio
510 4108 640 4169 tueatur
669 4103 796 4168 intrusa
824 4104 857 4166 iu
883 4102 1024 4186 vulgatis
1048 4101 1139 4165 libris
1164 4125 1191 4165 v.
1219 4101 1280 4164 135
1304 4105 1337 4165 et

168 4215 302 4298 139?),
332 4217 447 4276 tamen
476 4211 643 4294 aliquanto
669 4211 775 4274 miuus
799 4208 1039 4292 probabilitatis
1064 4207 1184 4271 habere
1208 4208 1239 4272 in
1264 4208 1335 4291 ipso

161 4320 341 4391 carminis
368 4318 464 4383 initio
488 4316 589 4383 videri
613 4318 726 4402 possit.
763 4316 884 4381 Verum
909 4316 992 4379 hanc
1016 4334 1076 4398 ego
1099 4318 1236 4397 partem,
1259 4338 1335 4399 quo·

163 4431 428 4510 modocumque
458 4425 497 4489 de
531 4425 684 4489 carminis
715 4424 858 4488 universi
890 4420 1101 4505 dispositione
1133 4420 1355 4497 iudicabitur„
