2962 5032
499 188 762 239 auuunamorus
785 188 995 237 rusurruau.
1253 170 1318 236 407

173 332 331 399 nimirum
354 334 543 418 trisyllabos
566 333 670 400 factas
695 355 711 398 e
735 331 995 417 quadrisyllabis.
1018 368 1055 377 -
1081 329 1233 396 Ceterum
1256 330 1319 395 etsi

144 420 236 506 'acio
264 462 392 526 qnoque
420 443 454 505 et
479 442 577 507 sozom
605 439 844 524 monosyllaba,
878 442 914 504 ut
935 460 999 504 oreo
1022 439 1073 503 vel
1098 458 1211 516 meam,
1244 440 1319 502 ante

174 547 320 611 vocalem
343 547 537 632 aliquotiens
560 570 694 633 prorsus
718 546 923 630 devorantur,
945 549 1055 610 tamen
1073 545 1248 630 diligenter
1267 565 1318 608 ca-

173 653 314 718 vendum
337 658 388 718 est
409 676 466 738 ne,
488 654 573 739 quod
597 653 701 718 refelli
725 652 863 717 rationis
886 652 1079 717 necessitate
1103 654 1254 737 nequeat,
1278 649 1318 714 ad
1424 655 1430 664 '

172 757 365 823 elevandam
389 759 587 844 elegantiam
611 758 910 843 obscurandamque
938 759 1203 844 perspicuitatem
1228 756 1317 823 adhi-

171 866 298 930 beatur.
338 864 382 929 Ei
404 865 546 932 cautioni
570 888 644 931 eum
667 866 747 931 alibi
770 866 860 930 loeus
885 870 934 930 est
956 869 1026 930 tum
1049 865 1137 930 Tria.
1160 887 1188 930 v.
1203 864 1245 930 96
1261 886 1318 948 sq,

173 993 314 1056 quorum
337 993 489 1038 versuum
513 973 575 1038 etsi
596 972 680 1038 hanc
703 972 947 1056 discriptionem

264 1113 298 1179 Si
321 1114 355 1179 id
377 1115 442 1180 non
466 1137 517 1180 me
541 1136 682 1199 accuses,
705 1118 773 1179 trite
796 1115 866 1200 ipse
891 1111 1110 1197 obiurgandus
1134 1134 1177 1178 es.

263 1219 336 1286 Scio
360 1225 393 1286 et
412 1220 441 1285 si
461 1221 527 1286 alia
545 1220 608 1286 huc
626 1243 724 1286 causa
743 1220 784 1285 ad
802 1223 834 1284 te
855 1219 980 1304 adueni,
1000 1242 1137 1304 aequom
1155 1219 1316 1303 postulas:

165 1365 219 1429 ita
242 1363 394 1429 defendas
416 1363 494 1429 licat
517 1385 589 1429 cum
603 1362 717 1428 Wasio
741 1386 771 1446 p.
788 1364 860 1448 112,
883 1364 1003 1429 aterio
1025 1368 1054 1428 et
1075 1385 1134 1447 pro
1157 1384 1222 1426 una
1246 1383 1317 1426 esse

170 1470 304 1554 syllaba
331 1469 433 1554 dicas,
466 1468 498 1534 id
527 1468 612 1554 quod
639 1468 762 1534 factum
787 1472 837 1534 est
861 1468 939 1556 alibi
964 1467 1014 1553 (ut
1035 1467 1120 1533 Men.
1143 1466 1200 1553 IV,
1224 1469 1258 1551 3,
1281 1467 1316 1532 3:

167 1575 249 1641 Scin
275 1576 352 1658 qaid
377 1575 523 1658 estquod
544 1596 596 1659 epo
617 1575 661 1641 dd
683 1575 844 1641 tarento?
876 1575 948 1641 Scio
972 1577 1006 1641 rit
1028 1576 1083 1640 titt
1105 1597 1142 1641 ee
1163 1596 1211 1641 me
1232 1573 1315 1662 sit*)

164 1681 290 1768 crolup),
313 1686 422 1746 tamen
446 1704 543 1767 quam
565 1682 667 1747 fallax
690 1683 733 1747 sit
756 1682 977 1747 insolentioris
997 1682 1182 1767 asperitatis
1202 1703 1316 1766 appro

165 1789 277 1873 batio,
304 1788 357 1854 vel
380 1788 460 1853 illud
484 1787 579 1854 docet
602 1790 702 1874 quod,
726 1811 797 1855 eum
822 1787 901 1854 alibi
923 1811 943 1853 a
965 1789 1059 1854 nobis
1084 1789 1210 1853 demum
1234 1788 1315 1853 eius·

165 1895 259 1960 modi
281 1897 345 1961 seio
368 1894 409 1960 ab
433 1916 480 1977 eo,
504 1896 555 1960 eui
578 1895 613 1960 in
636 1896 729 1961 libris
753 1896 993 1980 agglutinatum
1018 1899 1076 1981 est,
1098 1917 1193 1960 versu
1217 1895 1315 1960 direl-

167 2001 303 2067 lendum
327 2001 370 2065 sit
393 2004 521 2065 etcum
545 2001 700 2086 contiguo
724 2000 926 2083 sociandum,
954 2001 1011 2066 illo
1035 2002 1107 2066 loeo
1129 2002 1191 2067 scio
1212 2002 1314 2087 priori
1443 2046 1449 2055 ·

168 2109 280 2174 versui
302 2108 336 2173 in
359 2108 431 2192 ipso
450 2106 484 2172 B
507 2104 722 2194 adhaeret**)
755 2106 839 2172 Item
862 2129 892 2171 v.
906 2107 969 2171 937
995 2112 1032 2172 ut
1055 2108 1182 2173 defendi
1206 2108 1315 2193 aliqua

166 2215 296 2281 ratione
314 2214 430 2301 possit,
453 2213 538 2299 quod
557 2214 621 2279 fuit
643 2213 698 2299 qui
721 2217 922 2298 proponeret,
944 2215 1025 2296 quo'd
1041 2235 1093 2297 opo
1110 2216 1207 2280 sciam
1225 2213 1315 2296 (itque

166 2321 219 2388 lvio
249 2321 378 2400 ηέςοίαὲ,
412 2324 522 2386 tamen
550 2321 654 2385 malae
688 2324 816 2385 tantum
842 2320 1108 2405 interpretationi
1135 2320 1215 2386 haec
1241 2323 1315 2407 ipsa

169 2428 311 2494 mutatio
334 2427 477 2493 debatur.
522 2426 608 2492 Nam
632 2449 704 2492 cum
727 2428 855 2511 integer
877 2448 988 2491 versus
1011 2426 1064 2493 hic
1088 2427 1144 2491 sit:

260 2569 332 2654 Qui,
351 2571 480 2655 egomet
496 2568 580 2635 unde
598 2569 737 2653 re‘deam,
755 2568 840 2634 hunc
856 2569 1004 2654 rogitem,
1023 2590 1118 2654 quae
1136 2569 1197 2654 ego
1212 2569 1312 2634 seiam

968 2680 1063 2759 atque
1086 2674 1139 2740 hic
1162 2677 1298 2741 ne‘seiat:

170 2802 267 2866 facile
298 2800 498 2885 intellegitur
527 2821 592 2863 non
622 2799 704 2864 illud
734 2822 834 2865 unum
858 2798 1063 2866 Charmidem
1091 2801 1250 2866 sciscitari
1278 2801 1311 2866 in

167 2929 234 2993 quo
262 2908 335 2974 loeo
362 2909 564 2993 postremum
592 2910 808 2971 commoratus
833 2908 877 2972 sit
900 2907 1117 2991 sucophanta,
1149 2908 1205 2972 sed
1230 2930 1311 2991 quae
1439 2966 1442 2971 ,

166 3015 243 3080 loca
272 3017 346 3080 ante
376 3013 516 3079 reditum
547 3035 640 3078 suum
671 3015 904 3100 peragraverit:
941 3035 1042 3099 eoque
1072 3014 1207 3098 pluralis
1234 3036 1313 3098 qaaere

166 3123 301 3205 spectat

258 3225 392 3291 Praeter
409 3227 422 3290 i
439 3225 584 3290 litteram
607 3226 778 3310 syniresim
796 3247 812 3291 e
831 3232 863 3291 et
880 3249 903 3291 u
921 3228 1047 3293 vocales
1071 3228 1213 3293 ascivere
1237 3229 1310 3295 aliis
1323 3257 1420 3301 οων

167 3332 337 3399 vocalibus
360 3331 551 3415 insidentes,
584 3322 617 3397 et
639 3354 654 3397 e
677 3332 805 3417 quidem
827 3355 892 3399 non
916 3334 949 3398 in
973 3334 1158 3399 nominibus
1181 3338 1310 3398 tantum

166 3442 258 3506 deus
274 3459 374 3504 meus
396 3442 429 3502 et
450 3440 594 3504 isidem
618 3439 844 3522 pronominum
862 3439 976 3505 formis
996 3437 1231 3524 omnibus***),
1254 3440 1310 3505 sed

167 3545 268 3610 etiam
295 3545 330 3608 iu
357 3546 403 3609 ire
431 3545 521 3610 verbi
548 3546 662 3609 formis
686 3546 763 3610 item
789 3545 953 3611 omnibus:
985 3567 1022 3611 eo
1054 3567 1130 3611 eam
1160 3567 1221 3612 eas
1252 3552 1311 3612 eot

166 3672 293 3716 eamus
315 3650 358 3737 (v.
384 3649 484 3735 1078)
506 3653 601 3716 eatis
622 3656 710 3716 corat
732 3655 765 3716 et
786 3656 880 3716 eunt.
917 3652 988 3728 Quo
1012 3653 1135 3718 firmius
1160 3653 1240 3717 illud
1263 3657 1308 3717 te-

166 3758 322 3843 nendum,
348 3780 527 3843 numquam
555 3758 694 3823 similem
723 3758 977 3824 contractionem
1006 3759 1055 3822 vel
1085 3758 1119 3823 in
1151 3760 1309 3825 secundae

275 3932 301 4002 ⁴²)
321 3933 408 4005 [Seia
427 3934 478 3988 titi
495 3950 529 3988 ex
547 3950 587 3988 rae
605 3939 635 3987 ut
653 3935 690 3989 sit
709 3933 737 3987 in
753 3933 887 3990 editione:
908 3933 942 3990 cl.
958 3934 1060 4004 Opusc.
1076 3934 1143 4005 phil
1155 3934 1180 3988 Il
1196 3953 1222 4005 p.
1234 3936 1308 4007 451]

256 4022 299 4091 **)
318 4022 370 4094 [ef.
391 4023 490 4092 Opuse.
509 4021 579 4091 phil.
598 4022 625 4075 II
643 4041 670 4092 p.
691 4026 806 4095 429sq.]

226 4104 228 4108 ’
244 4111 301 4181 ⁸⁸³)
320 4112 399 4178 Quod
414 4111 467 4167 etei
481 4111 568 4167 etiam
583 4111 618 4166 ad
634 4113 790 4183 composita
804 4118 885 4169 autea
900 4117 929 4170 et
937 4120 1035 4184 postea
1052 4112 1195 4184 pertinuit,
1213 4115 1308 4168 tamen

167 4201 338 4272 aliquotiens
360 4201 473 4257 illorum
496 4201 526 4256 in
548 4202 642 4257 locum
670 4207 733 4257 uate
759 4205 789 4257 et
810 4202 969 4274 ignoratum
993 4202 1078 4274 vulgo
1095 4208 1191 4273 porte
1209 4203 1308 4258 subati-

166 4291 273 4346 tnenda
291 4307 350 4347 esse
369 4290 436 4346 olim
456 4291 588 4362 probabo.
627 4289 681 4363 [Ol.
701 4291 800 4361 Opnsc.
820 4293 889 4362 phil.
909 4294 934 4347 ll
952 4311 979 4364 p.
999 4297 1048 4348 541
1060 4292 1134 4365 sqq]
