2962 5032
487 119 749 166 uunnnsrvoms
775 119 982 166 enavimus.
1245 102 1310 164 493

166 270 206 348 et,
233 265 267 329 id
296 264 432 330 eandem
461 263 619 328 rationem
643 263 741 328 habet
764 285 801 327 ae
825 264 853 326 si
877 286 935 328 nos
960 264 1002 326 du
1025 262 1104 326 urieli
1126 261 1312 346 pronuntia·

168 395 253 457 mus,
285 371 415 436 etiamsi
448 371 615 455 oppositas
648 392 717 434 esse
749 393 904 455 personas
938 371 1096 434 volumus.
1149 368 1312 453 Imprimis

169 479 300 543 evidens
328 478 509 563 exemplum
540 477 641 542 habes
670 477 737 542 Mil.
761 477 817 560 IV,
840 479 871 562 3,
894 480 950 542 31:
984 478 1067 558 chin
1097 480 1126 541 si
1155 477 1313 541 uoluntate

166 586 254 668 uolet,
276 587 317 648 ai
339 585 504 649 emendem
524 585 621 664 sorus.
655 584 781 649 Horum
800 585 902 669 igitur
922 584 1133 648 similitudine
1151 582 1233 647 nihil
1253 584 1311 647 im·

168 692 258 778 pedit
277 693 448 775 quominus
468 692 566 776 etiam
581 690 698 756 Bacch.
712 691 777 755 403
795 691 887 770 [435]
903 690 1067 773 proditum
1090 690 1124 753 in
1147 689 1312 754 codicibus

168 799 340 864 verborum
359 799 504 864 ordinem
522 803 684 864 tueamur:
708 799 838 879 Prqvter
851 819 903 861 me
924 797 997 861 liaeo
1018 819 1101 860 nerim
1123 788 1189 862 irtio
1211 797 1313 861 sodali

166 908 227 970 dici
256 906 427 970 dismmor
455 907 561 988 miser,
591 906 648 970 ubi
678 905 808 986 Propter
836 905 892 968 me'
919 908 1070 988 expetens
1103 902 1311 967 Hermannus

167 1013 239 1077 tace
270 1012 474 1095 transposuit
505 1016 582 1095 post
613 1013 722 1077 sodali.
768 1012 815 1075 Ac
848 1011 924 1075 licet
956 1011 1035 1075 haec
1066 1033 1198 1094 prorsus
1227 1032 1311 1075 com·

167 1142 281 1204 parare
313 1141 385 1184 eum
415 1120 541 1204 graecis
572 1119 743 1202 exemplis:
777 1119 864 1182 velut
893 1140 966 1181 cum
999 1122 1094 1182 acuta
1125 1119 1165 1196 μή
1184 1117 1313 1182 ‚vocula

169 1249 239 1292 cum
263 1227 368 1291 vocali
393 1227 513 1290 coaluit
536 1227 570 1290 in
592 1227 619 1291 εἰ
643 1228 678 1290 δὲ
703 1229 761 1305 μή,
785 1226 829 1290 οὐ
854 1225 956 1304 λείψω
981 1225 1059 1288 ποτέ
1084 1229 1117 1288 et
1140 1225 1167 1289 εἰ
1191 1226 1226 1287 δὲ
1251 1226 1310 1302 μή,
1325 1245 1439 1286 conxvr

168 1334 251 1398 ἀλλὰ
274 1338 333 1397 νῦν
357 1336 475 1397 λαθεῖν.
521 1331 590 1397 Nec
618 1334 778 1397 diversam
807 1331 966 1396 rationem
991 1332 1153 1415 bisyllaba
1176 1352 1312 1414 sequun-

169 1445 228 1522 tur,
252 1462 335 1524 qnae
358 1443 531 1523 postquam
550 1439 699 1524 legitima
718 1440 857 1524 synizesi
877 1439 964 1504 facta
983 1443 1060 1504 sunt
1078 1437 1313 1522 monosyllaba,

170 1569 296 1612 mrsum
319 1568 392 1611 cum
415 1547 563 1630 proxima
585 1568 664 1611 voce
688 1551 815 1611 coeunt:
839 1568 905 1610 non
929 1546 1030 1630 igitur
1052 1565 1161 1610 carere
1180 1548 1313 1609 accentu

170 1653 337 1719 dicendum
366 1652 433 1716 vim
460 1654 638 1718 sententiae
666 1653 829 1718 sustinens
856 1675 890 1716 eo
918 1674 1098 1737 pronomen
1120 1650 1209 1715 Trin.
1234 1651 1312 1715 852:

169 1744 335 1824 et-ornatu
357 1761 485 1825 dducnit
507 1759 560 1843 [cf.
584 1784 615 1844 p.
638 1760 727 1842 3991.
773 1757 925 1825 Ceterum
956 1760 1052 1825 facile
1081 1780 1166 1824 nuno
1190 1757 1314 1821 intelle-

170 1867 257 1951 gitur
280 1867 378 1931 etiam
398 1868 433 1930 in
451 1867 538 1932 thesi
556 1867 673 1951 positis
693 1867 849 1949 parilibus
867 1865 1144 1930 contractionibus
1162 1855 1199 1947 ii,
1221 1854 1314 1945 mim,

170 1968 267 2058 mam,
296 1975 324 2037 si
348 1996 367 2038 a
390 1974 556 2038 vocalibus
579 1974 794 2057 excipiantur,
822 1972 1056 2055 synaloepham
1086 1972 1194 2055 potius
1218 1992 1313 2054 quam

170 2081 337 2146 elisionem
351 2080 567 2145 adhibendam
582 2102 664 2145 esse:
687 2082 734 2145 rei
747 2080 938 2162 draconem,
955 2100 1020 2143 ricco
1033 2079 1197 2161 ‹irbitrottq
1219 2078 1315 2141 cri-riso

168 2188 218 2267 sui
240 2187 306 2271 laio,
330 2191 363 2253 et
382 2209 465 2271 qnae
484 2188 609 2274 reliqua
623 2210 721 2272 supra
735 2186 1057 2252 commemoravimus
1072 2209 1102 2270 p.
1116 2202 1195 2250 cmv
1211 2184 1314 2266 [399].

258 2293 381 2370 Quodsi
407 2294 454 2358 vel
479 2295 525 2358 sic
549 2293 708 2377 quaedam
730 2293 846 2358 relicta
868 2297 957 2376 sunt,
980 2313 1175 2376 quamquam
1199 2313 1237 2355 ea
1256 2313 1314 2355 nu·

171 2421 259 2464 mero
279 2422 391 2484 pauca,
413 2422 588 2484 quaecum
606 2400 748 2464 notionis
768 2399 931 2484 gravitate
951 2398 1092 2484 insignia
1111 2399 1186 2482 sint,
1205 2403 1315 2463 tamen

170 2527 228 2570 uec
255 2511 422 2572 accentum
445 2507 604 2592 recipiant
626 2528 685 2571 nec
714 2528 824 2570 earum
848 2527 928 2590 quas
953 2505 1185 2589 explicavimus
1208 2504 1314 2570 defen-

170 2614 298 2679 sionum
329 2615 487 2698 aliquam:
520 2613 753 2678 recordandum
784 2616 835 2676 est
864 2612 948 2695 qnod
979 2612 1020 2675 ab
1051 2612 1144 2676 initio
1176 2611 1314 2676 diximus

170 2726 360 2786 accentuum
379 2721 613 2805 notionumque
632 2720 874 2785 convenientiae
893 2721 1007 2803 poetas
1026 2723 1210 2804 quantum
1228 2740 1314 2802 pos·

170 2832 256 2892 sent
279 2828 450 2893 studuisse.
496 2826 607 2911 Neque
631 2829 716 2891 enim
739 2826 868 2890 eosdem
892 2825 1061 2890 celandum
1086 2830 1136 2889 est
1159 2825 1316 2890 nonnulla

170 2936 263 3000 vivae
292 2934 363 2999 voci
393 2935 602 2999 recitantium
635 2934 801 3017 reliquisse
834 2938 961 3016 praeter
993 2934 1076 2996 ictus
1109 2955 1314 2998 numerorum

170 3042 313 3106 acuenda
340 3045 436 3124 atque
465 3043 653 3107 extollenda.
699 3040 769 3106 Nec
797 3041 943 3125 profecto
967 3041 1165 3123 mirandum,
1194 3040 1315 3124 aliquid

170 3147 209 3212 de
240 3171 385 3212 summae
416 3149 598 3213 severitatis
629 3148 813 3213 constantia
843 3168 898 3211 eos
928 3149 1103 3229 remisisse,
1136 3147 1252 3231 quibus
1282 3151 1316 3210 et

170 3256 385 3339 grammatico
404 3276 477 3319 cum
497 3255 683 3338 rhythmico
703 3257 836 3319 accentu
856 3253 1071 3318 consociando
1087 3258 1120 3316 et
1133 3252 1315 3334 rhythmico

172 3367 305 3428 accentu
336 3384 408 3428 curn
438 3362 546 3447 logico
577 3362 782 3446 exaequando
814 3359 952 3425 maiores
986 3365 1095 3424 essent
1127 3381 1224 3443 quam
1256 3359 1315 3423 ulli

171 3470 386 3554 posteriorum
418 3471 617 3534 saeculorum
649 3474 763 3553 poetae
795 3467 1003 3532 difficultates
1034 3466 1248 3550 superandae:
1280 3470 1316 3530 nt

172 3576 277 3640 multo
297 3577 402 3661 magis
422 3572 574 3641 miranda'
589 3577 633 3640 sit
652 3581 748 3659 atque
768 3573 958 3638 admiranda
976 3574 1173 3656 exceptionis
1188 3573 1314 3637 raritas.

170 3681 277 3748 Huius
293 3705 420 3767 quoque
434 3685 561 3768 generis
576 3683 775 3748 notabiliora
791 3682 947 3766 quaedam
965 3682 1106 3745 afferam.
1135 3677 1187 3744 Sic
1203 3684 1316 3744 contra

171 3790 375 3873 rhythmicos
404 3791 486 3854 ictus
510 3791 597 3856 Trin.
621 3815 649 3854 v.
674 3791 716 3855 65
740 3787 924 3853 recitandus
953 3791 1016 3850 est:
1043 3787 1163 3868 Edepol
1185 3787 1317 3867 proinde

171 3903 207 3961 ot
227 3899 291 3962 dia
314 3900 444 3980 uincitur,
467 3899 551 3962 bene
573 3900 702 3962 uiuitur.
740 3896 831 3972 Quod
851 3895 980 3978 quidem
1003 3893 1099 3958 facile
1122 3883 1318 3978 perspicitur

172 4027 238 4070 non
267 4005 411 4088 potuisse
439 4006 505 4068 ullo
534 4009 630 4088 paeto
661 4004 756 4068 aliter
779 4003 919 4085 institui,
947 4003 974 4065 si
999 4002 1094 4066 modo
1119 4001 1180 4065 hac
1203 4000 1254 4064 vel
1278 4001 1318 4064 si·

173 4111 391 4177 militatione
415 4113 504 4176 illam
528 4111 632 4194 ipsam
657 4110 851 4175 sententiam
875 4111 985 4173 efferre
1009 4112 1106 4191 poeta
1130 4107 1236 4190 vellet,
1259 4129 1317 4171 neo

171 4242 305 4303 prorsus
330 4218 401 4283 aliis
426 4219 532 4282 verbis
557 4217 712 4301 quaesitis
732 4217 827 4299 plane
847 4216 1008 4280 diversam
1027 4213 1315 4279 conformationem
1331 4238 1456 4279 conxvn
