2962 5032
472 366 705 416 nsrxrxrscna
728 365 855 413 suoru.
1167 347 1231 411 643

88 507 176 592 quis,
209 528 383 591 quamnam
411 529 521 573 veram
551 510 773 574 existimemus
802 512 835 572 et
858 510 1023 570 aeternam
1046 505 1232 590 utilitatem,

39 663 52 674 .
88 613 241 679 uberiore
268 615 416 679 oratione
444 615 667 699 exponendum
695 620 789 701 putet
816 619 850 679 et
878 613 1122 699 disceptandum
1150 618 1232 678 tam-

88 741 187 804 qnam
218 721 415 806 dubitatum,
448 722 532 806 quod
565 745 636 787 esse
664 723 847 788 confessum
875 726 908 786 et
936 721 1140 805 exploratum
1168 743 1232 787 uno

89 848 147 891 ore
168 827 194 890 ii
218 849 343 911 omnes,
372 829 488 914 quibus
511 829 590 893 haec
614 830 809 913 scribuntur,
833 827 1030 893 clamitaturi
1054 827 1127 892 sint.
1173 827 1232 892 Ee-

89 935 163 1018 quis
187 939 305 1022 autem,
328 958 401 1001 cum
426 958 483 1001 sua
506 958 622 1001 caussa
645 937 804 1020 colendas,
827 933 1064 1021 propagandas,
1087 956 1233 999 exercen-

90 1041 149 1105 das
173 1041 301 1106 litteras
324 1043 465 1107 breviter
491 1043 667 1107 dixerimus
696 1046 729 1108 et
751 1043 968 1127 populariter,
1000 1043 1051 1106 vel
1074 1042 1234 1126 tantisper

90 1147 241 1213 dubitare
274 1149 375 1234 ausit,
408 1150 485 1234 quin
517 1150 613 1214 huius
646 1150 748 1234 ipsius
780 1151 1033 1215 existimationis
1065 1150 1233 1235 persuasio

91 1255 302 1338 magnanimo
317 1256 528 1321 Alteusteinii
551 1258 675 1342 pectori
699 1261 732 1321 et
755 1261 921 1343 tamquam
940 1258 1063 1322 intimis
1083 1256 1234 1321 medullis

92 1360 172 1426 adeo
196 1361 361 1447 insederit,
385 1368 421 1428 ut
439 1364 529 1428 nullo
549 1363 613 1428 alio
633 1387 672 1428 ex
689 1363 788 1448 fonte,
812 1365 876 1429 nisi
896 1387 934 1429 ex
952 1365 1010 1429 illa
1028 1364 1234 1448 potissimum

92 1469 209 1532 mentis
238 1469 450 1554 liberalitate,
482 1472 657 1554 repetenda
688 1471 754 1536 siut
782 1492 1002 1556 quaecumque
1031 1470 1091 1535 Ille
1114 1471 1149 1534 in
1172 1471 1234 1535 hoc

91 1597 208 1661 genere
231 1599 384 1662 umquam
407 1578 559 1661 instituit,
582 1578 687 1660 iussit,
710 1577 821 1660 suasit,
844 1576 1021 1642 iudicavit?
1057 1575 1126 1642 Nec
1149 1577 1234 1641 enim

91 1684 218 1748 curiose
248 1684 447 1768 anquirenda
477 1686 624 1769 exempla
654 1689 742 1769 suut,
775 1683 830 1749 sed
857 1685 891 1748 in
918 1685 1091 1768 propatulo
1119 1684 1235 1768 posita.

10 1790 12 1794 ’
93 1788 163 1856 Nec
191 1794 301 1856 tamen
323 1792 456 1876 gravius
480 1797 705 1878 argumentum
729 1790 857 1857 aliunde
882 1792 959 1855 licet
982 1812 1079 1875 quam
1103 1814 1121 1857 e
1144 1793 1235 1857 scho-

92 1898 198 1963 larum
226 1898 408 1963 rationibus
432 1921 504 1964 curn
532 1901 729 1985 reliquarum
757 1903 866 1984 petere
894 1903 964 1964 tum
991 1899 1121 1984 harum,
1153 1922 1236 1985 quae

91 2005 177 2089 quod
196 2005 273 2070 clim
293 2006 333 2070 ab
353 2007 565 2094 collegiorum
583 2008 796 2072 universitate
815 2030 933 2072 nomen
951 2011 1130 2092 traxerunt,
1149 2008 1233 2072 idern
1248 2028 1283 2068 rx

93 2110 191 2176 hodie
227 2113 269 2177 ab
302 2113 482 2179 litterarum
515 2115 728 2179 universitate
761 2120 935 2181 merentur.
987 2114 1119 2180 Etenim
1155 2115 1236 2181 haec

91 2218 165 2303 ipsa
188 2219 369 2284 studiorum
390 2220 529 2285 varietas
550 2221 785 2304 amplissimum
805 2223 972 2307 complexa
991 2223 1235 2306 disciplinarum

90 2326 204 2390 orbem
232 2348 311 2390 unm
341 2328 393 2392 cui
423 2326 520 2412 dirigi
550 2328 591 2392 ad
619 2332 707 2392 certa
729 2329 815 2392 vitae
839 2348 957 2413 genera
979 2327 1082 2393 videri
1105 2330 1235 2412 potest?

91 2431 256 2497 Nimirum
285 2433 426 2498 civitatis
450 2433 501 2498 vel
531 2434 708 2499 commodis
731 2435 782 2499 vel
811 2434 1058 2499 necessitatibus
1082 2440 1120 2499 ut
1142 2436 1235 2499 satis·

89 2540 192 2622 tieret,
215 2540 316 2603 tantis
339 2562 419 2624 opus
443 2543 522 2624 erat,
545 2542 659 2625 quanti
682 2542 716 2604 in
739 2541 886 2626 singulas
911 2543 1149 2626 provinciarum
1173 2541 1235 2607 Bo·

90 2645 287 2710 russicarum
310 2647 537 2712 universitates
561 2652 709 2732 sumptus
734 2648 923 2732 erogantur!
946 2651 1014 2712 tam
1038 2650 1126 2713 lauto
1149 2648 1236 2713 litte·

90 2773 202 2816 rarum
227 2753 314 2817 omui
338 2753 556 2818 subsidiorum
580 2775 697 2840 genere
721 2753 1045 2818 instructissimarum
1065 2757 1235 2838 apparatu!

91 2862 185 2923 tanto
209 2859 457 2924 lectissimorum
482 2861 624 2925 virorum
648 2881 782 2925 numero
806 2881 980 2944 eorumque
1000 2861 1033 2925 iu
1053 2883 1151 2925 unum
1170 2883 1236 2927 cor-

92 2989 154 3051 pus
178 2968 361 3032 iunctorum
385 2969 612 3053 communique
636 2969 766 3053 collegii
789 2950 917 3032 vinculo
942 2967 1151 3033 sociaturum!
1175 2968 1236 3033 hac

93 3074 241 3159 denique,
264 3074 297 3139 id
321 3076 405 3159 quod
430 3098 593 3140 summum
617 3080 675 3161 est,
699 3076 865 3141 erudiendi
889 3078 922 3139 et
945 3074 1127 3139 subtilitate
1151 3080 1184 3140 et
1202 3076 1237 3139 li·

91 3180 235 3264 bertate,
266 3203 349 3265 quae
376 3204 435 3247 nec
464 3183 572 3268 capita
601 3182 753 3268 decerpat
781 3182 937 3267 quaedam
964 3201 1023 3244 nea
1047 3181 1236 3266 cuiusquam

94 3287 233 3351 arbitrio
261 3291 389 3372 pareat,
422 3288 477 3354 sed
502 3312 573 3355 cum
598 3288 638 3354 ad
662 3290 832 3354 interiores
856 3289 983 3352 litteras
1006 3309 1236 3374 usquequaque

93 3397 243 3477 penetret
270 3395 304 3458 in
327 3395 478 3480 ipsasque
500 3419 608 3460 rerum
632 3418 763 3460 caussas
783 3417 853 3460 sese
871 3395 1022 3478 insinuet,
1044 3398 1113 3458 tum
1138 3397 1236 3460 nullis

93 3502 157 3566 nisi
181 3502 328 3567 veritatis
352 3502 511 3566 limitibus
534 3525 687 3587 umquam
711 3501 1001 3567 circumscribatur.

98 3678 105 3691 ‚
182 3607 255 3673 Hoc
284 3608 385 3693 igitur
408 3609 517 3673 animo
537 3611 595 3693 qui
621 3609 739 3672 artium
763 3609 1011 3692 litterarumque
1034 3628 1144 3671 curam
1169 3629 1236 3671 sus·

94 3716 229 3800 ceperit,
261 3737 334 3779 eum
365 3715 493 3779 demum
521 3715 655 3778 consilio
684 3736 780 3800 agere
808 3737 882 3780 vere
906 3716 995 3799 regio
1020 3715 1237 3779 concedimus:

93 3821 157 3888 hoc
188 3821 325 3888 consilio
354 3822 409 3906 qui
438 3822 556 3904 egerit,
588 3842 661 3886 eum
691 3824 796 3887 solum
825 3827 988 3887 aeternam
1018 3820 1145 3885 laudem
1175 3820 1237 3885 sibi

93 3926 258 4013 peperisse
280 3926 461 3993 iudicamus
485 3949 665 4012 nomenque
688 3928 927 3993 immortalitati
951 3927 1140 4011 prodidisse.
1177 3927 1237 3991 Ta·

10 4114 13 4127 ¹
33 4094 61 4113 .,
82 4032 227 4127 'imque
246 4032 423 4101 babuimus
443 4057 538 4119 quem
557 4036 666 4100 vivum
685 4035 779 4099 nobis
799 4034 1034 4119 gratularemur
1052 4040 1237 4100 nostrarum

98 4138 101 4143 ’
329 4150 335 4157 “
389 4139 675 4239 ὶΔΙῦοιιεῒθίιιίιιιη,
697 4141 762 4205 iam
786 4142 881 4206 nobis
905 4147 1051 4225 ereptum
1076 4164 1112 4205 cx
1138 4141 1236 4206 animi

385 4236 389 4239 ’
490 4268 557 4313 nm
583 4250 678 4313 tanta
699 4247 834 4333 pietate,
868 4252 1023 4331 quantam
1047 4248 1100 4311 vix
1124 4270 1237 4331 capere
1296 4257 1299 4262 “

616 4356 639 4423 tt.
664 4353 787 4438 brevis,
814 4375 911 4440 quam
935 4353 988 4418 hic
1010 4355 1100 4419 loeus
1124 4356 1238 4439 poscit,

728 4460 913 4527 mdssimi
936 4461 1120 4546 argumenti
1144 4461 1237 4525 uber·

971 4563 1026 4619 41*
