2962 5032
558 321 790 370 nsrmmscna
814 321 940 368 annun.
1254 303 1320 368 665

164 469 237 533 hac
266 469 374 531 autem
402 464 612 529 via-demum
637 465 709 550 ipsa
731 464 822 530 notio
846 463 990 529 civitatis
1014 463 1230 529 consummari
1253 485 1320 529 cre-

163 574 279 639 ditur:
306 573 400 638 facile
429 576 565 657 apparet
592 572 662 637 fieri
685 572 817 637 omnino
841 593 907 638 non
935 571 1102 656 potuisse,
1122 572 1200 656 quin
1221 571 1320 636 etiam

165 681 214 747 ad
239 679 498 746 academicorum
522 700 694 763 corporum
718 678 904 744 libertatem
923 677 1013 743 illius
1033 678 1082 744 vis
1100 678 1320 744 conversionis

164 788 361 872 pertineret.
407 784 694 851 Verumenimvsro
722 786 807 870 quod
835 786 906 850 fieri
935 784 1055 869 ubique
1084 785 1117 848 in
1145 786 1241 850 rebus
1264 785 1320 849 hu·

167 895 281 961 manis
309 893 445 977 assolet,
477 898 514 958 ut
545 915 611 957 non
636 897 725 958 recta
752 893 819 977 via,
847 893 903 958 sed
930 914 988 977 per
1015 891 1180 956 contraria
1208 895 1240 956 et
1268 914 1320 956 ex·

166 1006 280 1067 trem
307 1004 399 1066 eatur
426 1000 466 1065 ad
494 1001 526 1065 id
556 1000 641 1085 quod
664 999 709 1065 sit
730 999 909 1084 perfectum
934 998 984 1063 vel
1013 998 1197 1083 aperfecto
1221 1021 1319 1083 quam

170 1109 323 1194 proxime
350 1107 449 1173 absit:
481 1105 514 1172 id
542 1106 576 1170 in
603 1106 665 1170 hoc
691 1127 818 1190 quoque
847 1127 965 1191 genus,
989 1101 1056 1169 nisi
1082 1105 1241 1190 fallimur,
1272 1107 1320 1172 ita

170 1215 278 1299 cadit,
310 1220 347 1280 ut
373 1214 461 1279 iusto
490 1213 586 1278 modo
613 1234 681 1277 non
707 1212 788 1277 satis
816 1215 944 1277 servato
971 1212 1109 1278 nimium
1136 1212 1318 1279 detractum

172 1344 247 1388 esse
277 1322 316 1386 dc
339 1319 504 1385 tralaticio
527 1320 596 1384 iure
619 1319 891 1404 universitatium,
918 1320 1054 1384 nimium
1085 1323 1193 1385 eutem
1217 1321 1319 1385 tribu-

172 1435 247 1494 tum
276 1427 432 1514 potestati
460 1426 603 1492 civitatis
631 1426 788 1492 videatur.
834 1425 920 1492 Nam
949 1427 977 1491 si
1004 1449 1117 1491 verum
1141 1432 1205 1512 est,
1234 1428 1320 1511 quod

171 1558 235 1602 nos
264 1534 394 1620 quidem
422 1557 481 1619 pro
509 1556 585 1599 vero
614 1534 845 1618 exploratoque
873 1534 1045 1618 habemus,
1072 1555 1180 1599 rerum
1204 1533 1319 1599 huma-

172 1665 290 1708 narum
315 1641 596 1728 gubernandarum
620 1640 1014 1726 administrandarumque
1033 1640 1171 1706 salutem
1191 1662 1319 1706 omnem

173 1771 191 1814 e
224 1749 365 1815 discordi
397 1749 569 1815 concordia
600 1749 705 1832 nasci,
736 1748 788 1813 vel
821 1753 857 1813 ut
888 1749 1016 1832 planius
1048 1748 1166 1833 dicam,
1199 1748 1319 1814 iurium

175 1855 421 1939 officiorumque
454 1855 516 1920 sibi
549 1855 774 1939 oppositorum
806 1861 840 1920 et
870 1855 995 1921 ratione
1029 1878 1137 1921 secum
1172 1877 1319 1941 pugnan-

174 1964 258 2028 tium
289 1966 457 2048 tamquam
495 1963 633 2048 quodam
672 1962 865 2047 aequilibrio
902 1963 1076 2029 contineri:
1112 1985 1178 2030 non
1211 1969 1320 2049 potest

175 2071 312 2135 dubium
348 2091 435 2154 esse,
472 2070 513 2134 ab
551 2069 817 2135 universitatibus
854 2071 983 2155 quidem
1016 2069 1183 2156 pugnandi
1215 2072 1319 2137 multo

175 2177 282 2262 magis
306 2197 436 2242 caussas
460 2182 493 2242 et
515 2177 685 2242 conamina
712 2198 810 2261 quam
834 2199 999 2242 successus
1024 2181 1057 2241 et
1078 2177 1232 2243 victorias
1256 2177 1319 2242 fre-

174 2284 334 2370 quentari.
380 2284 516 2369 Quodsi,
544 2284 661 2368 quibus
690 2283 897 2367 potissimum
925 2283 959 2348 in
986 2285 1083 2348 rebus
1111 2283 1209 2348 nimis
1233 2305 1320 2349 coer·

175 2391 260 2456 citae
286 2390 449 2457 libertatis
477 2413 542 2456 non
570 2392 696 2456 incerta
722 2390 876 2475 vestigia,
904 2389 959 2454 sed
990 2393 1104 2473 aperta
1127 2390 1319 2456 documenta

176 2503 365 2583 cernantur,
387 2499 557 2583 quaeritis:
579 2499 657 2563 nolo
681 2499 722 2564 iis
746 2498 933 2563 vulneribus
957 2497 1133 2582 immorari,
1156 2520 1238 2582 quae
1262 2522 1317 2582 pa-

175 2628 248 2670 rum
280 2605 332 2670 vel
363 2605 520 2670 memoria
552 2606 664 2671 suavia
696 2605 748 2671 vel
781 2608 875 2691 grate
908 2609 1091 2670 memoratu
1119 2604 1319 2671 academicae

175 2711 320 2776 libertati
347 2732 405 2795 per
432 2709 640 2777 Germaniam
668 2712 807 2777 usitatae
833 2713 984 2777 luctuosa
1017 2711 1076 2776 illa
1104 2711 1233 2777 decreta
1259 2711 1318 2779 Oa·

176 2818 352 2884 rolinensia
375 2819 528 2884 inflixere.
565 2819 654 2896 Quae
674 2825 711 2884 ut
729 2820 800 2884 dira
817 2840 876 2885 nec
896 2818 1061 2885 evitabilis
1079 2818 1255 2884 necessitas
1274 2821 1320 2886 iu-

177 2927 252 2991 bere
276 2926 346 2991 risa
369 2930 433 3009 est,
455 2927 600 3010 ipsorum
623 2933 660 2991 ut
683 2928 810 2993 credere
834 2949 894 3011 par
917 2931 967 2993 est
990 2927 1230 2993 decernentium
1253 2950 1319 2993 non

177 3032 332 3098 mediocri
359 3032 482 3099 dolore:
511 3033 557 3098 ita
585 3054 713 3118 sperare
742 3033 820 3100 licet
845 3035 916 3100 fore
944 3038 982 3099 ut
1009 3039 1157 3100 cessante
1180 3035 1318 3101 necessi-

178 3144 246 3205 tate
268 3162 398 3205 rursum
419 3140 574 3205 terricula
596 3141 655 3205 illa
682 3141 887 3224 aboleantur,
914 3163 994 3226 quae
1023 3141 1173 3230 suspicax
1201 3143 1319 3209 sollici·

177 3247 254 3312 tudo
283 3246 455 3312 coniuncta
482 3269 552 3312 esse
575 3270 648 3312 eum
671 3250 782 3313 recens
804 3247 957 3313 instituto
980 3269 1112 3313 munere
1135 3249 1320 3314 commissa-

176 3355 299 3420 riorum
323 3354 650 3419 extraordinariorum
675 3356 788 3420 voluit
833 3355 863 3419 A
887 3355 977 3421 cuius
1005 3355 1148 3421 muneris
1172 3356 1318 3421 novitate

176 3460 239 3525 dici
266 3460 380 3544 nequit
406 3463 563 3545 quantum
592 3460 690 3525 distet
713 3460 954 3545 sapientissimo
979 3462 1154 3545 eodemque
1178 3463 1318 3527 saluber-

177 3567 258 3634 rimo
283 3567 418 3634 consilio
441 3589 508 3632 non
532 3572 644 3633 nostra
661 3568 790 3631 demum
810 3571 915 3632 aetate
935 3568 1157 3651 constitutum,
1181 3567 1237 3632 sed
1255 3570 1319 3652 pri·

177 3674 249 3739 dem
273 3677 463 3758 usurpatum
486 3673 754 3740 cancellariorum
777 3673 828 3738 vel
857 3677 1043 3738 curatorum
1066 3695 1198 3740 munus:
1228 3675 1319 3741 cuius

176 3785 300 3865 quanta
326 3782 371 3845 sit
397 3780 648 3863 commendatio,
679 3779 852 3845 luculentis
879 3781 1049 3864 exemplis,
1082 3783 1119 3844 ut
1145 3781 1180 3845 in
1207 3783 1319 3866 paucis

178 3887 369 3972 subsistam,
400 3887 489 3952 velut
516 3887 602 3951 alma
630 3886 772 3971 Georgia
799 3886 961 3972 Augusta,
989 3885 1320 3974 Ruperto·0arolina,

177 3993 362 4078 Ludovicia,
376 3994 553 4060 Fridericia
569 3993 744 4060 Guilelmia
757 3998 928 4078 testantur,
942 3994 1171 4060 illustrissimis
1185 3994 1318 4061 Manch-

177 4100 341 4184 hausenii,
371 4101 553 4186 Brandisii,
584 4101 832 4184 Reizensteinii,
863 4100 1083 4186 Grollmanni,
1111 4101 1319 4168 Humboldtii

176 4208 364 4273 nominibus
391 4210 460 4273 iure
488 4211 666 4294 meritoque
695 4209 883 4294 gloriantes.
927 4207 967 4272 In
994 4209 1111 4292 quibus
1139 4210 1217 4274 viris
1246 4232 1318 4274 cum

177 4337 237 4399 par
266 4315 365 4380 fuerit
394 4316 541 4401 generosi
571 4317 671 4380 animi
703 4314 884 4379 liberalitas
917 4318 1013 4400 atque
1045 4315 1169 4399 gloriae
1199 4316 1319 4383 nobilis

176 4421 354 4509 cupiditas,
388 4424 531 4510 ipsarum
569 4426 677 4488 autem
713 4423 898 4488 litterarum
931 4444 1004 4487 cum
1036 4422 1217 4488 divinarum
1249 4427 1319 4489 tum
