2926 5040
152 326 218 390 426
441 341 701 390 pnousaouam
723 342 770 389 nn
793 341 1003 391 rumorosus

153 509 215 571 quc
239 486 338 551 etiam
362 485 487 549 hiatum
511 484 684 551 admittere
708 485 738 549 h.
757 509 784 550 e.
809 506 880 549 cum
903 485 938 550 in
961 485 1078 551 mediis
1104 487 1308 552 tetrametris

152 593 301 658 iambicis
325 598 359 658 et
381 592 607 677 anapaesticis,
636 593 714 657 item
743 594 777 657 in
804 592 984 679 creticis‘),
1009 596 1084 657 tum
1110 593 1309 679 ubicumque

153 700 271 765 fortior
296 701 513 785 interpunctio
543 699 621 786 (quo
649 705 758 785 potest
785 701 885 765 etiam
911 700 1111 767 exclamatio
1137 703 1310 786 pertinere,

152 807 208 871 sed
221 829 426 892 nequaquam
441 806 604 892 quaelibet
623 808 814 873 exclamatio
832 807 996 893 pertinet),
1015 808 1220 892 praesertim
1239 829 1311 874 cnm

152 934 362 997 personarum
386 915 565 977 mutatione
589 914 774 996 coniuncta,
802 935 937 998 pausam
967 914 1039 978 fieri
1067 914 1309 999 pronuntiandi

152 1019 220 1084 sive
248 1019 338 1084 iubet
367 1021 434 1085 sive
462 1020 594 1105 patitur.
640 1019 734 1085 Vnde
757 1019 957 1107 intellegitur
979 1043 1048 1086 non
1069 1026 1147 1085 tam
1172 1022 1215 1087 ad
1238 1044 1310 1108 pro·
1350 1048 1352 1065 =

153 1127 315 1191 sodiacam
344 1127 523 1193 doctrinam
551 1127 612 1191 hoc
640 1132 784 1211 spectare
808 1150 905 1214 quam
928 1128 969 1192 ad
991 1128 1102 1212 ipsam
1129 1130 1310 1195 metricam.
1350 1214 1352 1221 Ι

153 1233 253 1299 Velut
275 1234 458 1299 Trinummi
481 1258 510 1299 v.
534 1236 608 1300 584.
632 1236 711 1300 586:

11 1376 134 1417 nxxxvr
241 1355 326 1423 Nam
355 1360 509 1423 certumst
532 1359 601 1424 sine
629 1358 704 1424 dote
727 1360 813 1425 haud
840 1312 993 1446 duref‘l
1028 1359 1092 1426 ST.
1122 1363 1206 1448 quin
1235 1359 1311 1428 toi

791 1488 822 1530 m
846 1466 896 1532 d.
1347 1452 1352 1475 ⁵

243 1572 350 1638 Meam
374 1572 625 1658 neglegentiam.
649 1572 709 1639 ST.
733 1571 747 1638 i
767 1488 951 1640 neodaolill.
974 1573 1067 1638 nnlld
1095 1575 1212 1642 modo.

153 1697 223 1773 Quo
256 1697 314 1762 illa
351 1720 476 1783 quoque
510 1698 659 1782 exempla
691 1696 855 1782 refero,
846 1721 879 1762 m
912 1698 1030 1782 quibus
1063 1698 1094 1787 si
1130 1690 1352 1768 illiusmodi

153 1803 299 1887 syllabas
329 1826 389 1888 pro
425 1805 575 1869 brevibus
605 1804 812 1889 haberemus,
844 1803 935 1869 valde
966 1806 1102 1890 ingrata
1134 1807 1309 1893 diremptio
1348 1838 1352 1873 ι

154 1910 311 1975 tribrachi
335 1911 440 1994 fieret,
413 1915 550 1976 t.utv
575 1911 775 1977 941.1179:

243 2030 310 2098 Sub
335 2034 418 2099 solio
441 2035 553 2100 lonis?
581 2033 676 2101 SY.i
678 2035 816 2100 tadioo.
846 2033 913 2101 CH.
937 2035 1096 2102 ecadlo?
1121 2036 1189 2103 SY.
1214 2043 1352 2125 atque

792 2141 937 2207 emedid
961 2142 1105 2226 quidem.

243 2246 321 2325 Quis
344 2248 377 2313 id
401 2250 470 2313 ait?
493 2249 559 2313 LY.
583 2268 652 2333 ego.
675 2248 741 2314 LE.
760 2253 819 2314 tun
837 2248 972 2314 uidisti?
994 2248 1064 2315 LY
1084 2255 1120 2315 et
1138 2255 1213 2317 trite
1231 2253 1306 2317 item
1348 2230 1352 2353 l,

791 2354 902 2421 uideas
924 2355 1010 2421 licet
1348 2316 1352 2465 l

154 2481 297 2558 Quorum
322 2504 472 2546 versuum
501 2481 641 2565 priorem
665 2503 731 2546 non
756 2482 823 2545 sine
842 2502 972 2545 summo
996 2480 1189 2567 elegantiae
1213 2483 1352 2549 detri-
1349 2472 1352 2565 ζ

154 2594 263 2654 mento
287 2589 332 2654 sic
356 2589 525 2653 dimetiare
547 2610 612 2653 una
636 2588 763 2672 syllaba
786 2591 929 2653 auctum:
967 2576 978 2593 '
1349 2574 1352 2611 ¹

243 2729 310 2796 sub
346 2731 427 2795 solio
457 2729 557 2795 louis:
595 2729 641 2795 ita
672 2730 755 2795 dico:
791 2752 808 2793 e
838 2729 981 2795 caeldne:
1017 2734 1121 2815 atque
1153 2755 1172 2796 e
1205 2733 1305 2798 medio
1350 2690 1352 2747 l

781 2837 927 2920 quidem.
952 2871 993 2882 -

153 2981 221 3044 Aut
244 2982 324 3045 talia
348 2987 455 3045 autem
480 2981 529 3044 vel
554 2985 706 3065 cognata,
730 2985 787 3045 aut
810 2982 970 3063 corrupta,
994 3001 1080 3065 quae
1106 2982 1214 3048 allata
1236 2984 1306 3068 vidi,

153 3093 229 3151 sunt
248 3088 364 3151 omnia.
398 3087 481 3162 Quid
501 3088 585 3150 enim
609 3089 726 3151 mirum
751 3088 777 3151 si
800 3088 834 3151 in
857 3087 998 3151 centenis
1022 3089 1178 3153 versibus
1199 3091 1307 3156 multis

154 3192 258 3258 modis
287 3193 447 3275 corruptis
476 3192 669 3275 aliquotiens
697 3194 880 3278 corruptela
907 3193 1006 3257 etiam
1035 3216 1075 3259 eo
1111 3198 1238 3284 valuit,
1271 3202 1306 3263 ut
1350 3212 1352 3217 '

152 3300 283 3364 brevem
309 3321 366 3382 pro
395 3299 494 3383 longa
518 3300 645 3383 syllaba
668 3300 792 3363 librarii
816 3301 994 3365 inferrent?
1040 3300 1089 3366 Et
1114 3304 1308 3390 plerumque

153 3412 221 3470 tam
250 3412 300 3471 est
323 3408 474 3490 prompta
498 3410 594 3489 atque
619 3405 748 3471 evidens
773 3407 968 3491 emendati0,
992 3413 1029 3472 ut
1052 3410 1177 3477 mirere
1203 3435 1308 3497 quem·

154 3538 250 3598 quarn
274 3514 385 3598 fugere
409 3515 564 3598 potuisse.
610 3513 709 3578 Velut
732 3538 804 3579 cum
830 3513 920 3598 Capt.
943 3516 1026 3599 prol.
1051 3517 1073 3579 9

240 3657 388 3741 Eumque
412 3655 487 3721 hinc
514 3658 704 3740 profugiens
728 3658 873 3722 ue'ndidit
895 3658 928 3721 in
953 3630 1049 3722 dlide

152 3802 281 3885 egregie
304 3799 466 3864 Beckerus
490 3799 528 3863 de
552 3823 632 3865 com.
657 3799 749 3864 Rom.
768 3800 833 3865 fab.
851 3823 882 3884 p.
904 3801 966 3865 108
991 3804 1199 3870 emaculavit
1222 3829 1309 3872 ravo

153 3912 225 3971 cato
248 3929 361 3970 clerium
388 3908 483 3989 dedit,
510 3906 595 3990 quod
624 3906 738 3970 similit
724 3912 773 3970 ter
801 3931 821 3971 a
849 3907 991 3972 librariis
1017 3909 1237 3980 obscuratum
1260 3919 1309 3979 est

152 4020 249 4147 atque
274 4014 351 4077 alibi
375 4015 480 4078 uenire
502 4035 561 4096 pro
584 4034 766 4079 westernere
789 4015 882 4079 subst
868 4015 1040 4080 tituerunt·
1066 4017 1101 4081 id
1122 4021 1212 4104 quod
1236 4021 1306 4086 sub

241 4194 266 4258 )
286 4190 346 4255 Quo
365 4188 507 4259 pertinent
495 4189 555 4243 tdo
569 4189 638 4243 mihi
651 4196 699 4257 epo
716 4191 745 4243 et
758 4190 897 4244 similibus
912 4207 999 4260 supra
1013 4191 1169 4263 disputata
1188 4215 1216 4269 p
1229 4210 1307 4251 eux

154 4279 217 4348 [412
229 4279 282 4349 sq]

223 4367 337 4435 **)[De
362 4369 439 4423 houd
466 4386 506 4422 mc
533 4370 600 4423 dare
628 4386 690 4422 cum
719 4369 879 4423 Hermanno
907 4367 1085 4426 Ritscbelius
1113 4374 1287 4444 cogitarit
1278 4392 1306 4429 m

151 4455 194 4510 ed.
214 4455 276 4524 alt]
991 4472 1000 4482 ·
