2962 5032
531 333 766 382 asrnmrscna
789 333 915 381 asnaa.
1227 314 1292 381 655

147 497 349 541 nicaeorum
373 474 604 559 condicionem,
628 475 744 560 quibus
767 476 801 539 in
823 475 886 540 hoc
909 476 980 559 ipso
1004 474 1075 540 loco
1098 473 1209 538 Idibus
1233 474 1291 539 Oc-

147 584 297 649 obribus
329 583 503 668 quotannis
537 583 693 648 orandum
721 587 784 647 est:
813 584 897 647 hanc
929 581 1057 667 quidem
1086 603 1123 646 eo
1160 581 1291 646 nomine

147 689 385 774 ›raedicabam,
412 690 497 774 quod
525 690 649 774 gratiae
679 693 712 754 et
739 690 914 773 voluptatis
943 689 1045 754 multo
1074 689 1148 772 pius
1171 687 1291 752 habere

147 797 366 863 ›raesentium
391 819 496 862 rerum
525 797 684 880 cogitatio
712 819 809 881 quam
834 797 1014 861 recordatio
1042 796 1291 880 praeteritarum

147 903 274 969 toleret.
311 903 402 979 Quod
422 903 484 968 etsi
506 903 601 968 hodie
626 925 752 987 quoque
776 904 891 986 sentio,
915 907 1024 968 tamen
1048 903 1133 967 haud
1157 903 1224 966 scio
1249 923 1291 965 an

147 1033 177 1074 rx
213 1032 252 1074 ea
282 1009 470 1075 diversitate
499 1014 665 1094 tamquam
696 1032 713 1074 e
744 1011 905 1075 communi
935 1009 1026 1074 fonte
1056 1008 1176 1093 aliquid
1207 1030 1292 1073 eom·

147 1115 233 1183 nodi
263 1117 298 1180 in
327 1139 387 1181 nos
416 1116 586 1199 redundet,
617 1139 680 1202 quo
710 1116 907 1182 incommodi
940 1117 1027 1181 illius
1060 1115 1291 1180 detrimentum

147 1246 212 1289 ron
230 1222 437 1288 mediocriter
455 1225 658 1289 resarciatur.
692 1223 822 1299 Quanto
841 1225 926 1288 enim
945 1223 1164 1308 praesentium
1183 1244 1291 1286 rerum

147 1351 223 1415 rrae
253 1330 438 1413 praeteritis
465 1330 663 1415 improbatio
692 1330 895 1414 invidiosior,
922 1335 1016 1396 tanto
1044 1331 1111 1394 fere
1139 1328 1292 1413 suspitio-

147 1439 213 1503 rior
233 1436 372 1501 viventis
391 1437 594 1521 rigentiaque
615 1459 712 1521 quam
731 1437 874 1502 defuncti
893 1437 1048 1521 principis
1069 1440 1119 1501 est
1137 1435 1291 1500 laudatio.

147 1543 231 1610 Ham
256 1566 329 1609 oum
351 1543 446 1609 facile
471 1544 595 1608 accidat
618 1546 668 1626 ut,
696 1543 770 1607 dum
795 1543 829 1607 in
852 1544 999 1608 vivorum
1028 1542 1122 1608 laude
1144 1543 1292 1624 versaris,

147 1651 289 1737 gratiam
320 1654 453 1735 captare
483 1649 637 1714 simulata
667 1650 889 1715 admiratione.
912 1650 1053 1715 videare:
1086 1653 1199 1714 contra
1225 1670 1292 1714 non

147 1758 280 1823 dubiam
309 1757 507 1822 sinceritatis
535 1757 996 1823 commendationem-habere
1019 1759 1207 1842 incorrupte
1230 1777 1291 1820 vox

147 1864 352 1949 posteritatis
381 1865 536 1949 creditur,
563 1886 621 1930 neo
649 1865 795 1949 profecto
829 1865 970 1931 creditur
1002 1866 1175 1931 immerito.
1221 1863 1292 1929 Hoc

147 1972 249 2057 igitur
278 1993 339 2035 nos
370 1994 498 2056 quoque
528 1971 690 2055 praesidio
720 1972 784 2036 tuti
813 1994 879 2036 non
909 1977 960 2037 est
987 1994 1043 2038 cur
1072 1973 1173 2037 ullam
1196 1971 1291 2036 nobis

147 2079 360 2162 suspitionem
389 2077 609 2142 declinandam
634 2099 705 2142 esse
729 2079 920 2162 sentiamus,
948 2100 1020 2143 cum
1044 2079 1181 2143 adeum
1205 2079 1292 2163 prin·

147 2186 252 2268 cipem
271 2184 372 2249 libero
388 2206 443 2249 ore
459 2184 685 2249 celebrandum
702 2185 805 2249 denuo
821 2184 1036 2271 aggredimur,
1055 2186 1145 2250 cuius
1161 2189 1292 2250 sanotae

146 2290 322 2356 memoriae
345 2290 442 2354 huius
466 2291 529 2355 diei
553 2291 755 2356 sollemnitas
779 2291 885 2355 dicata
912 2295 970 2356 est
1015 2290 1085 2356 Iam
1109 2293 1194 2359 enim
1217 2296 1292 2377 post

148 2401 202 2462 tot
230 2419 387 2462 annorum
416 2398 570 2481 spatium,
600 2403 680 2483 quot
707 2399 768 2462 etsi
795 2420 853 2481 per
880 2421 913 2463 se
940 2400 1035 2484 pauci
1063 2403 1153 2483 suut,
1181 2403 1292 2463 tamen

147 2507 293 2588 ereptum
320 2503 383 2567 sibi
411 2505 613 2569 carissimum
641 2503 764 2590 Regem
797 2509 830 2571 et
859 2507 1079 2571 maerentibus
1110 2511 1143 2571 et
1171 2504 1292 2570 deside·

147 2610 297 2675 rantibus
323 2632 389 2675 non
417 2615 555 2694 possunt
582 2633 649 2676 non
677 2612 772 2676 multi
802 2610 917 2696 videri,
948 2616 980 2676 et
1011 2613 1060 2677 ira
1088 2617 1121 2678 et
1148 2611 1291 2677 studium

147 2717 345 2782 conticuere:
379 2738 436 2781 nec
464 2718 637 2783 verendum
666 2724 788 2800 estne,
819 2719 905 2803 quod
928 2719 963 2783 in
982 2718 1073 2785 Divo
1096 2718 1291 2783 unanimo

147 2822 335 2889 vaanno
358 2820 408 2886 III
431 2822 609 2909 laudemus,
641 2826 692 2889 vel
721 2823 920 2888 audientium
953 2825 1016 2888 fide
1044 2830 1153 2890 careat
1181 2825 1232 2890 rel
1258 2824 1292 2889 in

149 2930 291 3015 aliquam
325 2930 392 2994 sive
425 2930 649 2995 immodestiae
682 2931 750 2995 sive
782 2930 975 2996 ambitiosae
1007 2930 1291 3016 reprehensionem

149 3036 380 3102 assentationis
399 3036 550 3101 incurrat.
588 3036 737 3121 Augetur
755 3036 909 3102 laudandi
928 3037 1121 3101 confidentia
1141 3058 1178 3101 eo
1197 3036 1293 3121 quod,

150 3165 366 3227 cumeorum,
393 3164 476 3226 quae
499 3143 711 3207 cummaxime
739 3143 833 3226 fiunt,
860 3143 957 3209 facile
983 3142 1094 3207 fallaci
1122 3144 1228 3227 specie
1255 3148 1292 3209 ut

149 3272 258 3316 sumus
281 3250 429 3314 homines
453 3249 665 3332 decipiamur:
688 3249 722 3313 id
746 3250 830 3334 quod
853 3250 960 3315 valere
979 3250 1013 3314 in
1031 3253 1201 3335 utramque
1219 3273 1292 3334 par·

148 3361 213 3422 tem
241 3357 329 3422 volo:
361 3355 400 3420 de
428 3356 482 3437 iis,
515 3378 596 3439 quae
624 3356 702 3420 oiim
730 3357 817 3420 iacta
845 3361 933 3440 sunt,
963 3357 1082 3421 rectius
1110 3357 1292 3440 certiusque

147 3566 203 3606 non
225 3548 352 3618 patiatur
374 3529 448 3602 iusta
469 3548 557 3603 nostri
581 3547 699 3602 oratoris
722 3547 872 3616 modestia,
895 3550 990 3604 tamen
1013 3565 1086 3603 nunc
1105 3548 1218 3617 quidem
1237 3565 1293 3603 non

147 3636 244 3706 inepta
263 3637 444 3692 excusatione
462 3636 589 3692 videmur
606 3637 660 3691 hac
674 3635 725 3703 uti,
743 3635 826 3704 quod,
846 3653 930 3706 quam
945 3636 1114 3692 subiecimus
1129 3637 1292 3705 orationem,

147 3725 218 3781 haec
241 3724 378 3780 eiusmodi
401 3727 456 3793 est,
479 3727 512 3780 ut
535 3728 564 3780 et
586 3725 673 3794 ipsius
697 3724 855 3793 argumenti
878 3725 1044 3780 excellentia
1066 3726 1183 3780 oratoris
1207 3742 1292 3794 quan-

147 3813 221 3870 tavis
248 3813 427 3869 mediocritas
455 3814 643 3885 compensari,
671 3816 701 3867 et
730 3814 875 3884 proposito
904 3813 1016 3869 virtutis
1045 3814 1171 3884 exemplo
1195 3814 1292 3869 vestris

147 3903 327 3973 potissimum
354 3901 508 3958 rationibus
536 3903 582 3957 vix
612 3919 694 3972 posse
722 3902 816 3972 aptius
842 3901 962 3957 inveniri
985 3903 1121 3961 videatur.
1160 3903 1292 3970 Quamvis

148 3993 225 4049 enirn
243 3992 380 4046 subitaria
399 4007 485 4060 opera
502 3992 663 4047 incohatam
682 3994 793 4046 tantum
808 3994 893 4061 atque
912 3992 1012 4048 leviter
1030 3993 1225 4048 adumbratam
1243 4007 1292 4061 po·

147 4081 203 4137 tius
227 4098 311 4150 quam
334 4081 417 4149 plene
441 4081 609 4151 descriptam
634 4080 869 4150 praestantissimi
891 4082 943 4136 viri
972 4081 1124 4154 imaginem
1151 4080 1292 4136 habeatis:

147 4178 211 4237 (nec
229 4169 306 4224 enim
325 4169 454 4224 secundis
474 4170 546 4224 euris
565 4169 715 4238 quicquam
734 4169 837 4223 moturi
856 4185 907 4237 par
926 4186 986 4224 esse
1005 4170 1158 4237 duximusz)
1182 4173 1213 4224 at
1230 4186 1292 4224 eam
1386 4234 1391 4243 ,

147 4258 274 4327 habetis,
297 4275 381 4326 quam
400 4261 536 4328 perpetuo
555 4257 701 4327 intuendo,
725 4275 788 4313 cum
811 4258 996 4314 admiratione
1014 4259 1172 4314 venerando
1192 4261 1221 4312 et
1242 4274 1292 4328 pro

147 4347 224 4404 virili
248 4350 329 4417 parte
351 4347 519 4404 aemulando
537 4347 584 4402 vix
602 4345 754 4402 videamini
771 4347 816 4402 vel
836 4347 916 4401 vobis
935 4348 981 4404 vel
999 4348 1096 4403 virtuti
1116 4349 1162 4402 rel
1181 4349 1293 4403 veritati

147 4453 229 4508 posse
247 4436 417 4492 satisfacere.
449 4437 570 4492 valete!
597 4436 625 4492 0.
644 4436 702 4504 W.]
