2926 5040
463 339 728 388 memorareris
754 342 961 388 rnavrruaa.
1224 327 1289 390 487

200 480 289 546 moen„
314 482 399 548 Idem
412 482 501 548 inter
522 486 552 548 e's
571 484 687 565 probru
709 485 753 549 elsi
775 487 807 548 et
831 487 859 549 is
877 484 1006 567 probust
1028 484 1164 549 interest
1182 508 1211 549 v.
1224 486 1287 550 321

197 590 384 656 dmndmilia
406 590 520 656 multa

251 696 332 763 Aliud
357 702 409 764 est
441 719 544 785 genus
571 698 834 764 collocandorum
866 699 1052 780 verborum,
1086 722 1149 782 quo
1183 700 1289 784 logico

194 805 294 869 mutui
316 804 476 891 singulari
502 806 642 888 quadam
676 804 803 869 ratione
834 804 963 869 satisfit.
1007 803 1084 869 Non
1115 805 1289 890 negabunt,

193 908 334 993 pilum
360 933 471 976 rerum
498 934 594 977 usum
620 910 757 994 habent,
785 911 904 975 bonum
933 911 1125 976 versiculum
1152 933 1222 976 esse
1244 913 1290 976 Et

191 1018 234 1097 lysi
246 1020 281 1084 ai
298 1021 326 1084 c't
345 1041 430 1102 aqua
450 1020 541 1102 priter
562 1021 724 1084 interdixit
744 1040 837 1084 metas.
874 1018 963 1103 Ignis
983 1018 1151 1083 notionem
1170 1023 1288 1102 aequat

190 1124 291 1205 poeto
319 1127 483 1211 gravitate
513 1149 609 1209 aquo:
643 1130 676 1191 et
709 1130 820 1190 tamen
853 1124 915 1190 hoc
947 1126 1104 1209 supprimi
1136 1125 1168 1190 in
1201 1125 1287 1189 thesi

189 1229 280 1296 vidtur.
317 1232 439 1298 Verum
467 1234 632 1298 enimvero
656 1233 783 1298 videtur
807 1236 943 1296 tantum.
995 1232 1119 1317 Quippe
1143 1232 1287 1297 ubicum-

189 1356 228 1419 qre
242 1338 401 1406 iambicum
423 1342 476 1405 vel
499 1339 764 1426 pyrrhichiacum
788 1339 979 1404 vocabulum
1003 1339 1110 1403 brevis
1135 1362 1195 1404 ror
1219 1362 1286 1405 mo·

187 1443 313 1526 myram
338 1447 505 1532 praecedit
532 1447 567 1511 in
595 1447 660 1511 arsi
689 1447 809 1531 posita,
838 1447 934 1511 huius
959 1447 1008 1511 vis
1032 1447 1115 1511 arsis
1139 1446 1179 1511 ad
1203 1448 1285 1512 inse·

187 1555 281 1633 puna
300 1555 447 1638 syllabas
472 1554 522 1618 ita
546 1554 714 1638 pertinuit,
743 1576 799 1619 eae
828 1558 864 1619 ut
891 1576 957 1619 non
985 1554 1182 1618 sentirentur
1205 1558 1285 1619 tam-

186 1676 250 1739 quam
266 1683 393 1745 prorsus
415 1661 643 1745 delitescentes
667 1661 701 1725 in
725 1661 820 1744 thesi,
844 1661 900 1725 sed
919 1664 956 1732 ut
975 1661 1193 1725 coalescentes
1211 1682 1285 1725 eum

185 1780 331 1851 Μωυσῆ
352 1769 385 1833 in
409 1768 617 1852 trisyllabum
640 1767 841 1832 vocabulum.
882 1766 951 1832 Nec
975 1789 1089 1832 caussa
1111 1768 1194 1832 latet
1216 1768 1284 1832 eius

184 1870 293 1952 tarum
315 1898 380 1940 una
402 1875 503 1961 longa
525 1876 608 1940 arsis
630 1910 663 1958 a,
686 1875 741 1939 ubi
764 1875 798 1939 in
821 1875 902 1939 duas
924 1875 1038 1940 breves
1062 1875 1208 1956 solvitur,
1231 1897 1284 1940 ne-

185 1981 282 2048 mario
302 1983 387 2048 hane
404 1983 544 2048 formam
563 1982 698 2066 recipiat
720 1979 823 2066 cof)
856 1980 940 2046 Hine
959 1981 1160 2047 multitudini
1179 2005 1283 2047 exem-

183 2080 282 2172 dorum,
307 2088 342 2154 in
369 2089 488 2174 quibus
514 2090 663 2174 neglecta
692 2110 762 2153 esse
789 2088 888 2174 logici
917 2091 1067 2154 accentus
1097 2089 1283 2154 observatio

181 2184 243 2257 telo
264 2195 422 2279 rideatur,
450 2195 600 2281 legitima
626 2196 712 2260 ratio
740 2199 882 2260 constat:
914 2195 946 2259 id
975 2196 1061 2280 quod
1089 2220 1153 2262 uno
1184 2197 1282 2261 verbo

180 2293 411 2381 tatuvinus.
425 2303 538 2389 philol,
553 2309 576 2369 t.
591 2303 622 2368 V
637 2326 667 2388 p.
677 2305 720 2368 43
736 2304 793 2386 [=
804 2302 919 2387 Opuse.
934 2302 1014 2387 phil.
1028 2303 1078 2367 111
1092 2326 1122 2387 p.
1138 2303 1201 2367 799
1212 2303 1282 2387 sq.].

180 2396 308 2476 Paduam
338 2410 401 2475 hue
433 2414 562 2494 praeter
589 2414 696 2476 cetera
723 2432 795 2475 eum
822 2409 1119 2494 praepositionibus
1151 2412 1282 2494 conglu-

179 2507 249 2581 tra
275 2519 420 2583 nomina:
454 2519 543 2582 velut
574 2539 639 2582 non
662 2522 740 2581 suut
761 2515 947 2581 delitescere
970 2516 1124 2582 dicendae
1147 2539 1221 2599 equo
1249 2522 1282 2581 et

175 2624 246 2687 aaa
273 2647 366 2690 voces
390 2623 505 2690 Bacch,
529 2626 570 2688 41
602 2624 686 2706 [72]:
710 2624 763 2687 eibi
794 2625 840 2687 mi
864 2624 928 2705 pro'
958 2645 1031 2706 equo
1063 2625 1155 2689 lectus
1185 2625 1281 2703 datur,

171 2728 231 2794 ev.
258 2734 316 2796 109
344 2732 454 2815 [140]:
487 2733 516 2795 c‘t
544 2752 613 2795 mas
645 2732 710 2794 vu‘no
742 2731 812 2793 oum
843 2732 945 2794 carica
971 2731 1105 2814 mittet,
1133 2753 1191 2795 nee
1220 2732 1281 2815 1110,

166 2833 212 2901 tlte
232 2837 313 2904 Tria.
346 2841 416 2903 134.
446 2840 511 2903 203
541 2839 575 2902 in
603 2859 697 2919 ireque
722 2838 762 2901 de'
786 2838 840 2901 illo
869 2839 917 2913 [cle
943 2838 1030 2920 51102]
1057 2842 1221 2920 quicquam
1248 2843 1281 2902 et

158 2942 297 3011 reinildis
324 2949 408 3026 [oum
435 2942 531 3027 illisl]
561 2946 632 3008 eirea.
679 2944 881 3029 Quamquam
904 2945 993 3028 ipsas
1022 2945 1278 3029 praepositiones
1294 2976 1384 3017 ceux

154 3047 215 3116 line
239 3054 409 3117 exemerim
437 3053 561 3135 potius,
585 3056 755 3135 propterea
779 3051 907 3136 quidem
931 3052 1016 3135 quod
1041 3052 1156 3117 harum
1179 3053 1278 3118 latius

146 3162 252 3242 patens
283 3159 416 3223 libertas
450 3158 536 3222 ultra
567 3159 640 3222 illos
672 3159 751 3221 lines
777 3164 945 3244 evagatur:
978 3160 1099 3244 quippe
1127 3183 1209 3245 quae
1237 3162 1278 3226 si·

142 3264 261 3350 mili**)
285 3266 315 3329 vi
338 3264 478 3347 enelisis,
500 3287 537 3328 ac
561 3265 599 3329 de
623 3288 688 3348 qua
711 3287 809 3348 supra
833 3267 972 3331 diximus
994 3269 1277 3352 p.ccxx11[457]

136 3374 169 3434 et
181 3389 311 3437 ccxxvi
322 3394 368 3455 sq.
388 3371 494 3454 [1611
512 3393 583 3436 cum
603 3371 670 3435 suis
684 3371 869 3435 nominibus
885 3372 983 3436 etiam
998 3379 1067 3436 tum
1086 3373 1278 3455 coalescant,

132 3502 205 3545 curn
222 3482 278 3543 aut
290 3479 370 3543 haec
386 3478 612 3562 monosyllaba
626 3481 701 3543 sunt
715 3480 771 3542 aut
786 3479 875 3562 ipsae
890 3478 1080 3563 bisyllabae.
1104 3479 1174 3554 Quo
1190 3480 1228 3543 fit
1243 3485 1278 3544 ut

132 3589 163 3652 in
186 3589 293 3650 artem
316 3607 382 3650 nou
406 3590 538 3668 peccent
560 3586 629 3648 crim
651 3587 765 3650 (latinio
788 3587 817 3649 e't
838 3587 920 3650 arculo
943 3585 1029 3650 Trin.
1050 3587 1124 3667 219,
1141 3588 1210 3650 crim
1228 3588 1277 3650 dis

221 3832 426 3902 &Cognatum
454 3831 526 3886 illud
553 3849 640 3901 genus
669 3835 711 3886 est
739 3849 772 3886 ex
801 3833 954 3900 eodemque
982 3832 1058 3887 fonte
1083 3831 1275 3899 derivandum,

132 3942 192 3980 enm
207 3940 224 3977 e
242 3943 260 3975 ι
274 3947 292 3974 υ
304 3940 324 3974 a
341 3920 374 3973 fit
390 3932 411 3973 o
422 3947 441 3974 υ
453 3947 472 3973 o
484 3939 522 3986 u,
541 3923 619 3977 velut
635 3917 777 3991 prripitiua
791 3923 827 3976 ad
841 3921 1054 3977 similitudinem
1069 3923 1206 3991 prodique
1219 3921 1274 3975 ior-

132 3996 198 4069 riae.
238 4011 320 4077 Quod
336 4027 387 4066 suo
406 4010 468 4064 loco
487 4010 632 4080 tetigimus
650 4029 741 4081 supra

199 4101 243 4172 ⁸)
263 4099 392 4155 Similem
414 4099 491 4166 dieo,
513 4115 570 4154 non
589 4115 696 4169 parem,
720 4118 783 4154 cum
802 4100 939 4155 adverae
959 4099 1068 4153 enclisis
1086 4100 1214 4153 naturam
1233 4114 1275 4152 re·

132 4192 258 4263 pairalur
281 4193 314 4244 ut
335 4189 429 4258 logico
452 4191 569 4243 accentu
591 4206 699 4243 annexa
722 4190 823 4244 vocula
847 4192 943 4244 careat
965 4188 1008 4257 (id
1031 4187 1106 4258 quod
1124 4187 1154 4242 in
1172 4203 1275 4258 graeca

132 4280 241 4352 puidam
265 4278 365 4348 lingna
386 4277 416 4330 in
438 4275 592 4347 pedisequa
614 4278 853 4347 praepositionum
877 4276 1042 4348 pronomina
1066 4277 1178 4332 constat
1194 4294 1273 4331 unm-

132 4387 210 4441 [ηοω
230 4367 352 4432 cadere).
391 4365 445 4419 Sed
464 4382 610 4438 commune
629 4369 672 4421 est
694 4366 769 4434 quod
791 4364 1045 4437 praepositionibus
1064 4365 1158 4422 iuncta
1178 4367 1207 4421 et
1224 4383 1273 4423 no·

132 4461 202 4515 nina
216 4459 248 4513 et
263 4454 432 4525 pronomina
445 4455 588 4522 tamquam
600 4455 636 4509 iu
655 4455 833 4525 polysyllaba
852 4455 989 4511 vocabula
1006 4472 1069 4509 cum
1087 4455 1144 4511 illis
1163 4460 1272 4513 coeunt.
