2962 5032
507 353 767 400 nunnoarrours
792 352 998 400 iniurium.
1257 337 1321 400 517

259 495 304 559 Et
332 498 460 559 tantum
491 495 619 579 quidem
649 496 688 559 de
718 495 779 561 his.
824 495 938 581 Neque
972 495 1058 561 enim
1091 497 1141 560 vel
1172 497 1212 560 ad
1243 519 1320 561 ana·

168 601 313 685 paestica
337 604 441 665 metra
458 623 544 666 nunc
561 602 737 685 exspatiari
756 603 845 685 libet,
868 625 888 666 a
910 603 1027 687 quibus
1045 602 1129 667 nihil
1147 604 1214 669 fere
1234 610 1308 669 ante
1335 628 1446 670 ccxcrv

170 709 350 792 explicatae
374 709 525 774 licentiae
544 709 686 773 alienum
705 709 775 792 fuit,
798 709 849 773 vel
870 709 910 775 ad
929 708 1087 774 iambicos
1107 711 1318 796 septenarios,

169 836 307 898 quorum
335 815 388 880 vix
417 816 523 880 minor
551 838 648 900 quam
678 817 878 881 senariorum
906 815 1207 902 trochaicorumque
1230 839 1318 882 seve·

168 922 264 986 ritas:
288 943 360 985 cum
385 923 530 987 neutrius
554 923 681 1007 generis
705 924 852 1006 exempla
876 922 1084 987 Trinummus
1107 927 1260 1008 praestet.

616 1243 728 1291 curvr
752 1226 874 1292 XVIII.

260 1369 369 1453 Plana,
393 1369 554 1454 simplicia
577 1373 610 1433 et
633 1373 746 1453 aperta
768 1390 838 1433 esse
862 1370 1016 1454 pleraque
1035 1370 1241 1437 intellectum
1259 1377 1319 1455 cst,

169 1479 258 1559 pute,
282 1498 363 1559 quae
386 1476 549 1560 plerisque
574 1475 724 1541 omuibus
748 1475 895 1559 obscura,
918 1477 1072 1561 perplexa
1096 1480 1129 1541 et
1151 1478 1318 1543 recondita

170 1581 272 1646 videri
305 1583 424 1666 solent,
462 1583 635 1667 legumque
667 1581 860 1647 certitudine
892 1582 977 1668 regi,
1010 1605 1092 1667 quae
1125 1584 1317 1667 quibusdam

170 1689 281 1775 vagari
306 1690 375 1753 siue
399 1689 537 1753 ratione:
560 1711 661 1752 unum
684 1710 785 1773 genus
809 1691 920 1773 restat,
944 1689 1030 1773 quod
1054 1693 1087 1754 et
1109 1689 1317 1774 impeditissi-

169 1819 258 1860 mum
289 1800 322 1859 et
350 1796 461 1860 multis
491 1795 595 1860 modis
624 1796 815 1880 ambiguum
846 1818 915 1860 esse
939 1796 1002 1880 ipsi
1032 1796 1202 1860 fateamur:
1232 1799 1317 1882 quod

168 1903 297 1987 quidem
321 1902 562 1967 canticorum
585 1903 870 1987 compositione
893 1904 1083 1969 continetur.
1130 1900 1229 1968 Cuius
1253 1904 1316 1981 loci

168 2014 262 2075 tanta
290 2011 421 2074 ubertas
453 2013 502 2075 est
532 2013 662 2094 tamque
693 2031 794 2094 prope
825 2010 1062 2094 inexplicabilis
1094 2011 1247 2094 varietas,
1280 2013 1317 2074 ut

167 2119 298 2201 ineptus
334 2119 378 2180 sit
409 2117 466 2200 qui
496 2117 666 2202 complecti
703 2116 813 2203 paucis
847 2117 986 2201 pagellis
1018 2117 1106 2181 velit.
1156 2115 1195 2181 In
1226 2116 1316 2181 nulla

167 2230 277 2290 autem
302 2228 395 2308 parte
419 2224 652 2290 emendationis
676 2223 848 2288 Plautinae
872 2245 923 2288 me
945 2223 1051 2288 iudice
1074 2223 1193 2288 clarius
1216 2246 1315 2308 quam

166 2332 200 2397 in
224 2332 287 2397 hac
309 2330 544 2395 Hermanniani
567 2331 690 2415 ingenii
714 2330 951 2395 admirabilitas
975 2330 1186 2414 exsplenduit.
1227 2329 1313 2395 Nam

168 2462 241 2504 cum
260 2439 332 2522 ipsa
350 2438 476 2503 cantica
495 2437 648 2502 Plautina
667 2441 699 2502 et
717 2442 902 2520 temporum
921 2437 1040 2501 iniuria
1058 2441 1091 2502 et
1109 2437 1316 2522 neglegentia

167 2545 386 2627 librariorum,
405 2545 544 2609 fortasse
564 2544 673 2629 aliqua
693 2566 731 2608 ex
749 2547 852 2628 parte,
871 2548 907 2608 ut
924 2567 953 2627 p.
969 2563 1068 2608 uxvn
1084 2543 1177 2627 [325]
1193 2543 1313 2628 signifi·

168 2652 250 2737 cavi,
265 2651 363 2716 etiam
379 2651 564 2716 criticorum
579 2651 711 2716 licentia
725 2651 828 2715 multo
845 2672 942 2735 quam
957 2654 1082 2715 ceterae
1100 2653 1209 2734 partes
1223 2649 1314 2733 peius

167 2758 283 2822 habita
306 2759 380 2841 siut,
403 2758 451 2822 ita
474 2762 511 2822 ut
535 2756 603 2821 ‘aut
625 2758 751 2822 intacta
774 2758 965 2842 relinquere,
990 2780 1072 2842 quae
1092 2760 1201 2841 aperte
1221 2757 1315 2821 aliter

168 2890 186 2930 a
214 2864 330 2929 Plauto
359 2863 480 2947 scripta
513 2863 659 2947 fuerint’,
692 2868 749 2929 aut
777 2886 815 2928 ea
843 2865 889 2928 sic
919 2867 955 2928 ut
987 2887 1060 2928 eum
1090 2867 1192 2928 semet
1218 2863 1313 2948 digne

168 2970 308 3035 scribere
326 2970 472 3053 potuisse
491 2970 659 3055 probabile
679 2970 731 3054 sit,
755 2970 915 3056 corrigere
934 2991 1102 3056 cogamur:
1127 2969 1313 3035 incredibile

167 3066 329 3142 dictu'est
351 3082 431 3162 quot
452 3077 509 3141 ille
534 3078 690 3161 carmina,
717 3078 829 3142 rudem
858 3077 1114 3164 indigestamque
1138 3077 1254 3141 molem
1279 3076 1312 3139 in

167 3183 331 3248 codicibus
351 3183 528 3267 offerentia,
551 3206 571 3248 a
589 3184 823 3249 recentioribus
843 3188 952 3249 autem
972 3177 1151 3249 editoribus
1170 3182 1312 3266 plerum-

168 3312 229 3374 que
260 3291 504 3374 imperitissime
535 3295 687 3373 tractata,
718 3291 753 3354 in
782 3292 1026 3357 Elementorum
1059 3290 1143 3355 libro
1172 3289 1311 3355 secundo

167 3398 288 3480 partim
317 3397 357 3461 ad
386 3419 499 3461 sanam
528 3397 687 3462 rationem
715 3398 835 3482 partim
864 3398 904 3461 ad
933 3397 1210 3483 elegantissimam
1238 3418 1312 3461 con-

166 3504 354 3568 cinnitatem
383 3503 589 3568 revocaverit.
636 3502 688 3568 Ad
717 3527 813 3589 quam
841 3526 909 3568 rem
938 3526 1011 3569 cum
1035 3504 1108 3568 aliis
1132 3502 1309 3566 virtutibus

166 3633 248 3695 opus
271 3610 334 3674 luit
357 3614 426 3675 tum
450 3609 563 3674 subtili
587 3632 683 3674 sensu
707 3610 847 3694 quodam
871 3616 904 3675 et
929 3611 1104 3676 exercitato
1123 3610 1164 3675 ad
1188 3610 1310 3676 usitata
1324 3640 1423 3682 ccxcv

166 3719 384 3803 inusitataque
404 3737 524 3800 genera
543 3721 720 3781 metrorum
739 3717 949 3793 discernenda
967 3716 1095 3781 iudicio.
1132 3715 1218 3782 Nam
1238 3740 1310 3781 cum

166 3829 298 3909 propter
322 3845 474 3909 magnam
493 3827 526 3888 et
545 3823 715 3908 prosodiae
735 3824 982 3909 ambiguitatem
1001 3829 1034 3888 et
1053 3828 1310 3907 permutatorum

165 3934 251 3996 inter
275 3954 309 3996 se
332 3932 450 4016 pedum
473 3930 666 3994 varietatem
690 3950 786 4013 saepe
806 3929 980 4013 plurimum
999 3929 1209 3994 dubitationis
1229 3929 1309 3995 illud

165 4039 294 4122 habeat,
314 4061 330 4102 e
350 4037 570 4123 compluribus
590 4057 673 4121 quae
691 4039 827 4119 pateant
845 4035 1140 4100 distribuendorum
1159 4058 1308 4100 versuum

164 4147 226 4210 viis
251 4150 345 4229 quani
371 4145 577 4229 potissimum
601 4144 691 4207 ineas
715 4146 747 4207 et
770 4141 885 4207 ceteris
908 4142 1036 4206 reiectis
1066 4147 1190 4208 teneas:
1218 4143 1309 4207 nulla

165 4274 199 4316 re
228 4251 301 4335 plus
330 4255 496 4335 peccatum
526 4255 576 4315 est
599 4273 697 4334 quam
720 4249 840 4313 talibus
865 4271 1014 4313 versuum
1032 4249 1106 4314 'sive
1129 4249 1306 4315 conforma-

165 4359 308 4423 tionibus
334 4359 402 4422 sive
426 4356 709 4442 coniugationibus
732 4356 889 4441 probatis,
913 4379 992 4441 quas
1012 4357 1073 4422 etei
1093 4357 1307 4422 demonstrari

164 4468 304 4550 nequeat
331 4464 457 4530 admitti
482 4465 570 4528 nullo
595 4461 689 4528 modo
717 4463 876 4548 potuisse,
903 4467 1012 4529 tamen
1036 4464 1134 4528 tritae
1157 4462 1307 4536 Plautina
