2962 5032
408 286 672 336 cmsnsrroms
695 288 903 335 rarvrrnss.
1162 269 1225 335 301

57 421 128 507 ligi
177 433 288 515 potest
320 452 401 514 quae
433 431 565 496 uberius
598 431 808 496 disseruimus
840 429 946 494 Musei
979 429 1082 494 nostri
1115 429 1228 513 philol.

56 528 80 591 t·
107 530 178 599 IV
199 559 229 621 p.
253 535 318 602 568
334 559 403 621 sqq.
428 539 483 618 [=
503 536 619 622 Opusc.
644 537 723 621 phil.
745 536 778 601 ΙΙ
801 560 831 622 p.
846 538 911 602 319
927 540 1018 622 sqq.].
1056 535 1229 601 Praeterea
1342 520 1344 524 Α

55 638 141 702 Veri
176 643 281 707 simile
310 646 361 707 est
388 643 528 708 caruisse
551 643 645 707 illum
667 666 880 728 personarum
903 643 990 708 notis
1013 642 1047 706 in
1070 642 1228 708 continui-

55 738 142 808 tate
175 771 370 833 sermonum,
391 772 450 834 pro
473 751 583 834 eisquc
607 772 711 815 vacua
733 750 841 833 spatia
863 749 1016 813 habuisse
1035 749 1136 813 minio
1156 771 1229 831 sup

54 843 214 922 blenda:
238 854 325 940 quod
348 877 421 920 cum
444 855 594 939 deinceps
616 877 683 920 non
705 856 807 937 fieret,
830 855 939 919 evenit
962 859 999 919 ut
1020 855 1227 938 postmodum

54 944 119 1030 (in
155 960 295 1047 rputo)
323 963 427 1027 multa
454 963 741 1028 sermocinantium
769 962 901 1026 nomina
925 984 942 1025 e
966 962 1150 1026 coniectura
1173 961 1227 1025 ad-

56 1052 189 1134 denda
220 1074 338 1135 essent.
383 1067 500 1137 Secuta
534 1075 583 1135 est
616 1092 654 1135 ea
686 1074 790 1153 aetas,
822 1091 886 1153 qua
918 1073 951 1134 et
980 1067 1228 1151 Amphitruonis

58 1178 218 1241 seaenae
251 1177 409 1261 quaedam
440 1181 473 1241 ct
505 1198 667 1241 unacum
691 1176 880 1241 Aululariae
917 1175 1005 1239 exitu
1040 1176 1228 1259 contiguum

60 1277 279 1367 Principium
294 1283 492 1349 Bacchidum
507 1284 747 1350 interciderunt.
781 1283 841 1348 His
861 1284 962 1369 igitur
975 1281 1123 1366 partibus
1143 1302 1228 1345 care·

63 1367 143 1451 bar
169 1391 198 1453 is
222 1389 322 1455 codex
346 1412 442 1474 quem
466 1396 484 1471 β
507 1391 618 1455 littera
643 1390 856 1476 signavimus,
890 1389 1034 1473 integras
1058 1386 1229 1453 etiamtum

68 1477 251 1581 Casinam,
283 1494 501 1562 Cistellariam
528 1501 695 1581 totamque
719 1494 921 1560 Vidulariam
948 1500 1077 1578 tenens,
1109 1495 1229 1578 quippe

72 1609 162 1681 quas
186 1602 315 1667 fabulas
338 1603 485 1688 integras
509 1606 600 1667 sexto
624 1599 753 1667 sacculo
777 1601 961 1666 Priscianus
986 1605 1151 1666 tractaret.
1191 1600 1229 1664 In

85 1710 196 1775 eodem
215 1710 267 1774 vel
287 1708 430 1773 eiusdem
458 1709 587 1793 generis
615 1708 723 1774 codice
746 1712 826 1792 puto
850 1706 1071 1773 Mostellariac
1094 1730 1243 1772 scaenas-

90 1818 226 1898 primum
244 1816 398 1881 traiectas
417 1837 502 1880 esse:
520 1817 636 1881 harum
655 1815 740 1880 euim
761 1816 929 1880 turbarum
943 1814 1109 1900 Parergon
1124 1838 1154 1898 p.
1163 1815 1228 1880 439

95 1923 267 1989 monstravi
290 1946 362 1988 eam
385 1923 545 1988 rationem
570 1945 649 2007 esse,
672 1928 710 1988 ut
732 1924 770 1988 de
793 1924 977 1988 vicenorum
1001 1919 1067 2008 (vel
1090 1923 1230 1989 fortasse

93 2031 158 2117 ιιι)
188 2054 341 2096 versuum
369 2031 499 2116 paginis
528 2029 737 2116 cogitandum
766 2031 822 2095 sit:
864 2034 915 2095 tot
947 2030 1047 2114 igitur
1078 2052 1229 2094 versuum

93 2160 273 2203 mensuram
309 2137 421 2225 (quam
458 2138 546 2203 vides
582 2161 683 2223 parvo
721 2138 904 2203 discrimine
942 2136 983 2201 ab
1021 2136 1230 2202 Ambrosiani

90 2267 201 2311 norma
225 2244 362 2332 distare)
392 2245 495 2311 codici
520 2250 537 2325 β
565 2267 602 2311 eo
631 2244 843 2310 confidentius
865 2244 991 2326 tribu0,
1024 2265 1087 2327 quo
1111 2245 1230 2308 certius

88 2352 148 2416 iam
178 2374 277 2436 supra
305 2352 457 2437 apparuit
485 2350 585 2415 alium
608 2375 760 2417 versuum
781 2372 949 2415 numerum
973 2349 1005 2417 h.
1029 2372 1055 2414 c.
1079 2372 1230 2415 senorum

88 2463 118 2522 ct
140 2459 328 2525 vicenorum
351 2458 385 2523 in
410 2481 448 2524 co
471 2457 582 2541 fuisse,
605 2457 688 2522 unde
712 2458 816 2524 nostri
835 2457 1053 2541 antiquissimi
1072 2458 1230 2541 originem

87 2566 253 2630 duxerunt.
294 2565 389 2632 Hunc
412 2588 432 2642 γ
455 2565 535 2629 dixi:
558 2564 614 2649 qui
638 2587 702 2649 qua
725 2566 911 2632 condicione
934 2569 1004 2628 tum
1027 2565 1135 2649 fuerit,
1158 2589 1230 2631 cum
1245 2588 1345 2627 xxxix

87 2678 254 2757 tamquam
273 2673 422 2738 traduces
441 2672 523 2737 alios
541 2673 677 2756 peperit,
700 2673 780 2737 satis
800 2672 914 2737 docere
932 2670 1090 2736 hodierna
1108 2673 1230 2756 species

88 2778 272 2844 fabularum
300 2777 524 2843 Plautinarum
550 2782 673 2862 potest,
704 2779 897 2863 praesertim
925 2799 998 2842 cum
1022 2778 1231 2844 Ambrosiani

87 2886 235 2970 exemplo
262 2890 458 2970 comparata
503 2885 589 2950 Nam
617 2908 690 2951 cum
714 2886 963 2970 Amphitruonis
973 2885 1005 2972 ⁹⁶)
1028 2885 1231 2951 Aululariae-

88 3016 147 3079 que
165 2996 200 3057 et
217 2992 416 3058 Bacchidum
434 2993 567 3058 lacunas
582 2997 679 3078 atquc
693 2993 914 3060 Mostellariae
932 2994 1045 3058 turbas
1064 2998 1230 3079 tamquam

87 3101 266 3167 hereditate
290 3101 477 3183 accepisset,
498 3122 583 3165 nova
607 3099 713 3165 clades
736 3101 816 3167 haec
840 3101 985 3182 accessit,
1010 3106 1047 3166 ut
1065 3106 1098 3167 et
1116 3103 1151 3167 in
1169 3103 1231 3167 fine

87 3211 255 3274 huncatus
269 3207 440 3272 Vidularia
462 3211 586 3271 careret
608 3209 698 3273 etin
721 3210 827 3292 priore
851 3214 943 3293 parte
965 3209 1116 3293 plurimis
1136 3232 1231 3273 mem·

87 3314 198 3379 branis
221 3312 397 3396 deperditis
421 3313 513 3377 valde
537 3313 684 3377 mutilam
707 3314 843 3379 haberet
867 3312 1085 3380 Cistellariam
1109 3321 1142 3381 ct
1165 3338 1230 3381 om·

86 3422 164 3486 nino
189 3442 255 3485 non
278 3418 390 3504 paucis
414 3420 449 3483 in
471 3418 561 3503 locis,
585 3418 722 3486 Oasinae
741 3422 949 3504 potissimum
969 3425 1002 3488 et
1020 3421 1232 3506 Cistellariae,

87 3529 155 3593 sive
184 3528 250 3592 situ
278 3529 311 3591 et
333 3525 464 3591 madore
488 3526 621 3592 affectus
645 3528 712 3592 sive
736 3528 845 3612 aliquo
870 3550 947 3593 casu
970 3529 1057 3594 lacer
1079 3529 1144 3614 legi
1167 3551 1232 3594 non

88 3689 208 3696 -.——.
250 3688 300 3695 ...Α

177 3775 204 3844 *l
224 3774 265 3828 Dc
286 3791 342 3828 una
359 3774 564 3844 Amphitruone
587 3774 645 3830 scio
669 3775 791 3831 dubitari
813 3791 894 3845 posse
913 3779 1007 3831 utrum
1025 3775 1082 3832 iam
1101 3777 1177 3847 prius
1196 3794 1233 3831 an

87 3882 160 3919 nunc
187 3864 300 3918 demum
325 3862 457 3918 mutilata
480 3863 529 3919 sit:
557 3864 669 3933 quando
693 3865 727 3920 de
750 3864 894 3920 Prisciano
917 3881 973 3920 non
997 3867 1065 3921 satis
1083 3868 1232 3935 certares,

88 3955 201 4025 prolata
219 3970 253 4009 ex
271 3953 424 4024 deperditis
442 3954 550 4008 scaenis
565 3954 619 4011 duo
634 3954 798 4011 testimonia
811 3958 905 4010 utrum
919 3955 1125 4026 antiquioribus
1138 3972 1233 4026 gram-

88 4044 201 4098 maticis
218 4045 336 4112 accepta
354 4043 459 4098 referat
476 4060 513 4098 an
532 4060 598 4099 suaa
617 4044 731 4100 lectioni
750 4045 859 4101 debeat.
878 4077 914 4086 —
932 4045 1004 4100 Item
1024 4047 1100 4100 certo
1118 4045 1232 4099 demon-

89 4134 177 4187 strare
197 4130 269 4186 illud
287 4147 404 4202 nequeo,
424 4130 539 4187 Casinas
559 4132 790 4203 Cistellariacque
810 4134 925 4190 lacunas
939 4134 1157 4204 Vidulariasque
1175 4133 1232 4189 iac·

86 4223 179 4276 turam
198 4220 320 4290 primum
335 4220 365 4275 in
378 4239 396 4287 γ
411 4221 560 4292 exstitisse,
579 4240 630 4277 nec
648 4222 678 4276 in
697 4225 727 4277 δε
745 4223 857 4278 demum
871 4224 961 4280 laetas
976 4240 1044 4279 esse.
1072 4223 1114 4277 Dc
1128 4222 1232 4277 talibus

88 4309 223 4379 quoniam
247 4309 277 4364 in
302 4311 450 4385 utramque
475 4314 584 4381 partem
610 4311 757 4381 disceptari
784 4315 890 4383 potest,
916 4313 997 4383 posui
1019 4312 1093 4381 quod
1118 4312 1233 4367 suadere

87 4397 150 4470 ipsa
167 4398 209 4453 rei
227 4398 414 4468 probabilitas
432 4400 580 4457 videretur.
