2962 5032
187 297 253 362 430
475 312 733 364 raorrnnounua
756 314 804 362 nu
828 312 1037 365 sarromnvs

187 455 248 542 (sic
272 460 359 526 enim
383 456 603 545 scribendum)
627 461 785 544 probandi
808 461 841 524 vi
864 464 961 544 caret,
983 460 1071 545 quod
1094 482 1161 525 non
1181 480 1244 524 raro
1260 457 1299 523 eto

187 571 225 630 ut
247 566 464 649 epiphonema
487 570 580 631 extra
603 589 731 631 versum
754 568 898 652 positum
917 572 975 645 est
1000 570 1037 632 ut
1056 566 1147 631 Trin.
1165 566 1299 630 93191.

187 670 314 735 Pariter
338 671 454 736 elisum
477 673 527 736 cio
548 672 650 737 habes
674 674 763 738 velut
786 671 859 738 Cas.
882 672 941 757 ΙΙΙ,
966 675 995 756 6,
1019 674 1049 738 4.
1073 672 1166 737 Truo.
1187 672 1210 754 1,
1227 675 1251 756 2,
1263 674 1301 756 91,

187 798 282 860 quem
307 778 543 843 Ambrosianus
566 779 657 843 iubet
679 780 726 844 ita
749 780 876 844 restitui
899 802 963 843 uua
986 800 1060 843 cnm
1083 778 1237 862 proximo:

299 937 361 1003 AS.
385 939 465 1022 Eia,
488 938 575 1004 hcrid
604 939 685 1003 itast
711 960 772 1003 res.
796 937 851 1003 DI.
875 929 930 1003 tin
958 944 995 1003 tu
1024 962 1096 1004 earn
1124 961 1175 1003 me
1200 937 1301 1002 entre?

826 1044 888 1112 AS.
911 1045 1012 1111 immo
1035 1046 1129 1110 unice
1153 1050 1250 1110 dnum

299 1153 354 1218 DI.
382 1153 550 1238 Peperisse
579 1175 651 1218 eam
680 1152 797 1219 audiui.
825 1152 887 1218 As.
916 1153 971 1236 ah,
1002 1153 1153 1235 obsecro,
1180 1156 1245 1253 tace
1265 1148 1303 1213 lli·

825 1261 966 1325 niarche.
991 1259 1046 1324 DI.
1072 1258 1150 1344 quid
1172 1257 1253 1322 iam?

188 1441 259 1517 Quo
277 1445 386 1505 tamen
405 1461 470 1504 non
489 1439 668 1503 rettulerim
689 1460 761 1503 cnm
780 1439 1004 1503 uicarium
1023 1458 1166 1521 prooem.
1185 1435 1307 1501 indlect

188 1547 294 1613 Berol.
312 1551 389 1611 aest.
408 1569 437 1610 a.
452 1563 757 1612 cromcccxxxxvn
771 1570 801 1630 p.
817 1547 837 1610 6
852 1548 908 1627 [=
920 1546 954 1610 in
968 1544 1060 1609 Lucr.
1076 1566 1195 1609 comm.
1208 1565 1237 1627 p.
1251 1541 1309 1620 1611

188 1654 305 1719 Persae
323 1675 451 1718 versum
471 1653 512 1737 ll,
532 1653 560 1735 2,
579 1654 632 1737 30,
651 1674 745 1737 quem
766 1653 820 1717 ille
839 1653 886 1717 sic
905 1650 1123 1737 dimetitur‘):
1143 1651 1238 1716 Heio.
1253 1647 1312 1712 leid.

188 1767 239 1825 tuo
262 1761 300 1824 esc
322 1761 451 1840 lomenia,
475 1779 534 1843 ego
559 1759 605 1823 sic
623 1759 748 1843 potius:

101 1947 173 1987 exer
298 1920 391 2004 Hele,
414 1919 491 2003 leeio,
514 1924 570 1984 tuo
595 1923 633 1985 er
658 1920 788 2006 ingenio
813 1922 918 1985 meres
941 1920 1066 1985 alienos
1089 1919 1227 2005 probas:

187 2096 317 2182 quando
345 2097 378 2161 in
406 2101 537 2184 longam
568 2097 729 2182 syllabam
758 2121 824 2164 non
851 2099 955 2184 magis
985 2098 1203 2163 demonstrari
1226 2101 1326 2180 potest

186 2205 256 2269 teia
279 2204 393 2269 exiisse
417 2228 513 2290 qnam
536 2204 598 2287 elio,
621 2226 680 2287 pro
704 2227 767 2289 quo
791 2205 844 2269 eleo
867 2210 900 2268 lu
920 2204 1158 2270 Ambrosianus
1182 2203 1328 2287 praebuit

186 2311 273 2376 Trin.
293 2311 345 2376 55.
369 2309 521 2377 Ceterum
539 2333 612 2376 cum
636 2332 762 2376 cessare
785 2333 898 2377 vocem
918 2312 1015 2377 etiam
1040 2316 1115 2375 ente
1140 2309 1330 2373 interiectio·

186 2439 260 2482 nem
284 2421 536 2482 consentaneum
560 2419 617 2501 sit,
639 2423 750 2482 tamen
775 2419 825 2481 vel
848 2418 896 2482 sio
920 2418 1012 2482 elisio
1035 2416 1122 2480 haud
1147 2420 1332 2480 cunctanter

187 2524 328 2588 admissa
352 2528 409 2607 cst,
434 2529 470 2588 ut
490 2525 577 2590 Trin.
600 2547 628 2589 v.
653 2525 727 2589 536.
751 2525 825 2589 870.
849 2524 921 2589 963.
949 2525 1042 2588 1072.
1069 2523 1169 2587 1059:

299 2701 367 2765 Alii
388 2726 422 2765 se
445 2703 632 2786 sapuere.
655 2724 692 2764 en
717 2703 774 2781 [eru
801 2700 915 2781 Triu.²]
940 2702 1113 2784 aurichio,
1138 2703 1257 2785 quoius
1280 2707 1334 2766 est

299 2793 432 2892 riperite
460 2808 535 2892 hoo,
564 2812 685 2889 operite.
716 2809 801 2891 leeris,
833 2808 925 2892 ecqui
955 2808 1006 2872 his
1035 2807 1160 2872 foribus
1198 2809 1333 2873 tutelsim

806 2916 933 2999 ·gerit?

298 3005 562 3106 ildgredinndust
585 3020 637 3085 lu'e
661 3021 758 3085 homo
783 3023 826 3084 nri
850 3026 929 3085 oster.
952 3021 1039 3104 lieres,
1064 3020 1145 3103 Pax,
1168 3026 1201 3084 te
1227 3023 1331 3086 tribus

828 3127 934 3191 uerbis
960 3127 1042 3192 uolo.

275 3321 300 3391 *)
327 3324 396 3375 cum
422 3320 521 3376 eodem
546 3320 725 3375 Lachmanno
751 3337 834 3388 aegre
860 3321 920 3374 fero
946 3320 1015 3373 mihi
1041 3319 1126 3373 etiam
1152 3320 1186 3375 de
1214 3322 1331 3376 aliorum

186 3430 316 3466 versuum
340 3410 512 3478 quorundam
536 3427 665 3464 mensura
689 3427 746 3464 nou
769 3409 837 3462 satis
860 3409 1015 3463 convenire.
1053 3409 1140 3464 Velut
1163 3426 1264 3478 purum
1288 3426 1331 3463 ex·

185 3501 269 3570 pedio
294 3518 350 3569 qua
374 3518 502 3554 mensura
526 3500 669 3555 decurrere
692 3500 765 3553 huno
789 3499 921 3553 voluerit:
946 3498 1082 3552 Pecuniae
1100 3500 1234 3566 accipiter
1252 3500 1332 3553 auide

186 3596 266 3659 alque
284 3590 377 3645 liuida
407 3588 458 3657 [Cf.
479 3589 549 3644 Nov.
569 3606 626 3643 exo.
646 3588 737 3642 Plant
757 3590 769 3641 I
787 3606 813 3657 p.
837 3588 908 3654 116]
941 3586 1008 3653 Neo,
1028 3586 1138 3655 siquid
1158 3588 1252 3656 video,
1271 3605 1331 3658 pro·

185 3679 317 3734 habiliter
339 3679 387 3732 ille
413 3679 513 3748 Amph.
533 3679 554 3746 l,
575 3687 598 3744 1,
620 3685 669 3733 188
693 3679 722 3732 et
740 3679 820 3732 Most.
842 3677 887 3743 lV,
908 3684 932 3742 2,
952 3682 985 3728 59
1006 3674 1149 3753 discripsit
1173 3679 1286 3744 [comm.
1304 3676 1330 3729 in

186 3768 266 3824 Lucr.
285 3787 312 3837 p.
334 3770 410 3837 1ou],
435 3768 482 3836 qui
506 3767 575 3821 mihi
599 3767 728 3821 videntur
752 3767 794 3819 his
820 3764 981 3819 accentibus
1007 3765 1124 3819 notandi
1143 3764 1244 3820 fnisse:

257 3887 327 3964 eline
347 3920 430 3964 nero?
463 3888 515 3965 ilio
535 3909 685 3963 enimuero.
715 3907 845 3961 Verbere.
875 3907 992 3961 Mentire
1011 3925 1098 3963 nunc:

257 3996 317 4072 elio.
338 4018 429 4084 Atque
449 4034 511 4071 eam
530 4035 614 4071 maun
634 4015 767 4070 emisisse.
787 3992 848 4069 llio.
868 4014 904 4068 Et
917 4017 1066 4084 postquam
1081 4016 1141 4070 eius
1156 4016 1223 4070 hino
1237 4018 1329 4086 pater:

186 4164 240 4217 nisi
259 4166 333 4232 quod
352 4165 381 4219 in
400 4164 491 4235 priore
509 4181 565 4218 non
584 4164 642 4217 lero
661 4166 737 4231 aitte,
761 4163 809 4217 sed
828 4161 1018 4231 reponendum
1037 4165 1106 4231 puto
1122 4165 1181 4217 Aia
1199 4169 1232 4217 tu
1245 4161 1329 4217 uero?

187 4253 408 4307 Commemoravi
427 4256 521 4306 antem
540 4253 610 4306 haec
629 4256 778 4321 propterea
797 4256 836 4320 ut,
855 4253 878 4305 si
896 4252 968 4305 forto
988 4252 1022 4305 de
1042 4252 1081 4304 eis
1101 4253 1175 4306 ratio
1190 4269 1235 4307 mc
1253 4252 1329 4307 telel-

187 4341 264 4409 loric,
288 4360 371 4410 quam
395 4341 485 4396 fateor
508 4341 599 4395 adhuc
622 4357 666 4394 me
689 4340 840 4395 credidisse
865 4340 1062 4408 certissimam,
1082 4342 1199 4397 meliora
1217 4360 1236 4396 a
1253 4356 1329 4413 prae·

188 4429 359 4484 stantissimo
378 4430 533 4498 eodemque
553 4430 695 4484 carissimo
715 4431 775 4484 viro
795 4430 919 4485 edocear.
