2962 5032
421 189 684 238 auusnnrroms
708 190 914 238 runvrmsa.
1173 175 1238 242 405

200 367 287 433 Nam
310 366 388 452 quid
412 389 449 433 eo
473 367 646 433 introibis?
691 344 738 433 llt
760 391 834 434 eum
858 368 952 434 dictis
975 370 1143 453 plurumis.

91 509 273 575 llletrorum
302 514 411 575 autem
439 510 620 575 diversitati
649 515 805 595 quantum
829 510 1038 576 tribuendum
1062 513 1117 596 sit,
1149 514 1236 578 lucu·

91 614 274 682 lentissime
296 639 408 682 eorum
427 618 659 702 vocabulorum
679 620 824 703 exemplo
844 623 989 703 apparet,
1014 641 1150 702 quorum
1173 624 1236 685 ter·

92 723 230 789 minatio
253 726 267 788 i
289 725 434 790 vocalem
457 724 557 790 habet
580 724 636 789 alii
658 726 765 790 vocali
789 725 1011 809 praemissam.
1049 722 1137 790 Satis
1162 748 1236 791 con·

92 832 161 894 stat
183 829 223 895 de
247 830 485 916 monosyllabis
508 832 598 908 dies,
621 832 687 896 diu
710 831 814 914 (Trin.
829 832 880 897 65.
908 831 982 895 578.
1010 830 1123 917 685.*)
1144 829 1236 917 843):

90 958 270 1022 numquam
294 941 418 1023 autem,
441 936 474 1000 id
497 936 581 1021 quod
605 942 826 1002 asseveranter
850 936 1011 1001 affirmare
1034 937 1123 1021 licet,
1147 940 1234 1023 syni-

90 1044 191 1109 zesim
214 1044 249 1108 in
273 1045 409 1109 senariis
434 1043 563 1130 quidem
586 1045 842 1129 septenariisque
866 1044 963 1109 ullius
987 1043 1071 1108 alius
1094 1045 1235 1109 nominis

89 1150 176 1215 ullus
200 1171 293 1216 casus
316 1147 460 1236 (praeter
482 1150 668 1235 genetivum
691 1149 848 1215 secundae
871 1149 1110 1237 declinationis)
1135 1150 1236 1215 adrni-

88 1256 144 1336 sit,
166 1278 225 1322 nec
247 1259 442 1323 venedociam
464 1279 524 1322 nec
544 1259 705 1322 mendacio
728 1280 787 1323 nec
805 1259 1044 1336 omcdociorom,
1068 1257 1135 1322 sive
1155 1257 1235 1322 haec

87 1364 299 1430 substantiva
326 1368 403 1429 suut
429 1365 497 1429 sive
526 1365 697 1447 adiectiva,
725 1386 784 1430 nec
807 1367 963 1431 oreadace'o
986 1387 1046 1430 nec
1068 1365 1236 1430 rrccndacc'c's

87 1493 151 1537 nec
173 1473 350 1537 mmdueior
371 1473 510 1537 certiores
532 1473 720 1549 mortalium,
743 1493 803 1537 nec
825 1473 877 1536 vel
895 1474 1048 1555 sapientie
1062 1473 1165 1554 clorio
1183 1471 1234 1534 val

87 1580 173 1644 acies
195 1578 246 1642 vel
267 1579 362 1660 factio
385 1579 484 1644 oratio
507 1600 581 1642 cum
600 1579 665 1642 suis
686 1579 824 1663 casibus,
847 1601 906 1644 nee
924 1581 1043 1645 nescim
1061 1579 1167 1643 lartius
1185 1577 1233 1641 ob·

89 1686 207 1750 noxius
229 1706 289 1750 nec
311 1686 492 1750 omonimus
510 1685 560 1749 vel
579 1685 795 1767 impendimus.
823 1684 944 1750 Contra
968 1686 1009 1750 ab
1031 1686 1097 1750 illis
1121 1685 1234 1749 metris

85 1791 284 1875 simulatque
303 1791 461 1856 transitus
480 1791 586 1856 factus
606 1792 714 1857 estad
734 1795 917 1858 octonarios
937 1792 1234 1878 anapaesticosque‚
1249 1811 1323 1854 oum

87 1899 248 1963 contiuuo
277 1898 413 1963 offensio
441 1897 546 1963 omnis
575 1898 651 1963 talis
679 1900 835 1983 syniaesis
860 1900 1024 1965 dilabitur.
1069 1897 1234 1963 Vitiosum

86 2009 163 2070 erat
184 2004 220 2068 in
242 2003 371 2070 senario
387 2005 451 2069 658
475 2005 535 2069 όέ1ὀ
553 2002 730 2089 cdptus**):
754 2006 964 2089 spondiaeam
987 2027 1170 2070 mensuram
1194 2026 1234 2069 ne

85 2111 148 2176 ubi
180 2115 331 2196 potuerat
363 2109 492 2196 quidem
525 2113 624 2195 poeta
655 2111 781 2196 defugit
813 2112 847 2176 in
881 2110 1048 2178 octonario
1076 2111 1141 2176 838
1174 2111 1234 2175 o'tio

85 2218 167 2285 ‹dd-rc
195 2239 250 2284 me.
296 2215 483 2303 Numquam
514 2238 572 2301 per
600 2217 759 2302 reliquam
788 2218 935 2282 fabulam
964 2218 1129 2302 bisyllaba
1158 2222 1234 2282 suut

83 2328 268 2412 quodiam
292 2326 430 2410 poetelio
455 2325 569 2406 filios
593 2324 722 2406 [iliam
745 2329 778 2389 et
801 2324 933 2389 similia:
970 2326 1004 2390 in
1027 2323 1233 2409 paucissimis

86 2432 306 2518 anapaesticis
337 2433 423 2497 1116
438 2455 506 2518 sqq.
535 2431 741 2497 cumulantur
770 2432 909 2495 cranium
933 2433 1059 2514 gaudiis
1082 2432 1234 2515 gordiam

82 2541 215 2624 pauci-is
242 2539 414 2625 syuizesim
441 2557 539 2623 passa
566 2536 644 2621 (nisi
674 2537 802 2621 quidem
827 2538 953 2620 yoccdic's
976 2559 1045 2602 esse
1069 2537 1233 2621 dactylum

87 2646 313 2711 Lindemanno
338 2644 472 2730 credas),
494 2644 612 2730 quibus
632 2665 669 2707 ex
689 2644 855 2708 octonario
876 2643 939 2707 839
959 2641 1040 2708 adde
1058 2645 1132 2726 tilio.
1163 2643 1232 2707 Fal·

88 2776 162 2818 sum
186 2753 286 2839 igitur
309 2750 396 2836 quod
419 2750 614 2835 vulgabatur
636 2773 665 2816 v.
691 2751 789 2815 1156:

179 2911 302 2976 Filiam
332 2896 437 2975 uidam
471 2910 533 2974 tibi
565 2910 796 2994 desponsatam
830 2933 899 2975 esse
932 2911 1038 2976 aridio.
1090 2910 1165 2975 Nisi
1196 2914 1233 2973 td

942 3041 1042 3084 neuls.

90 3160 279 3227 Certissima
302 3161 383 3226 haec
405 3162 471 3224 lex:
494 3182 589 3245 quam
614 3182 687 3224 cum
710 3161 854 3245 reliquae
871 3161 1003 3226 fabulae
1021 3161 1233 3245 comprobant

89 3272 161 3332 tum
186 3266 371 3352 Bacchides,
393 3267 483 3332 cuius
507 3268 585 3331 item
609 3267 679 3333 sola
702 3268 908 3350 anapaestica
927 3268 1166 3332 multitudinem
1185 3267 1232 3332 bi·

90 3373 294 3458 syllabarum
318 3372 496 3438 formarum
519 3374 688 3455 praebent:
711 3373 778 3454 felic
799 3373 881 3455 filios
901 3375 1004 3455 silium
1026 3373 1091 3455 filio
1113 3374 1175 3454 lilii
1195 3374 1230 3454 fi-

90 3481 143 3547 liis
165 3503 195 3545 v.
221 3479 314 3545 1125.
341 3478 435 3544 1129.
462 3478 554 3542 1136.
581 3478 674 3542 1159.
702 3478 794 3542 1165.
821 3478 903 3542 1167
929 3478 976 3543 ed.
1000 3477 1111 3542 Herm.
1156 3477 1232 3542 Vsi-

89 3587 246 3652 tatiorum
275 3589 384 3650 autem
412 3588 588 3674 metrorum
616 3586 744 3648 tantam
772 3589 927 3668 quantam
952 3585 1089 3650 diximus
1115 3587 1232 3651 severi-

89 3696 191 3759 tatem
220 3714 290 3757 csse
319 3692 436 3756 mirum
460 3695 572 3755 estne
596 3713 651 3755 cos
676 3691 803 3774 quidem
827 3693 905 3757 satis
929 3693 1144 3778 perspexisse,
1176 3693 1231 3777 qui

90 3803 182 3865 tanto
211 3797 453 3864 demonstrandi
480 3802 639 3882 apparatu
667 3798 717 3862 usi
740 3801 817 3862 sunt
839 3820 902 3882 quo
922 3801 1023 3882 prolis
1046 3805 1079 3863 et
1101 3800 1233 3884 iepram

90 3905 214 3971 formas
247 3927 266 3969 a
295 3905 411 3969 Plauto
444 3905 666 3969 abiudicarcut
696 3904 883 3969 rectissime.
925 3905 992 3981 Qui·
1020 3906 1047 3970 si
1079 3928 1120 3970 ne
1152 3905 1231 3970 haec

89 4013 219 4098 quidem
252 4010 396 4094 admisit,
426 4012 460 4075 in
493 4012 609 4094 quibus
640 4011 818 4076 contractio
848 4013 1011 4077 constanti
1040 4012 1230 4098 posterioris

88 4138 302 4149 --...—-

198 4204 223 4272 *)
243 4204 296 4275 [Cf.
316 4205 409 4259 annot
428 4203 465 4259 ad
483 4203 557 4259 hunc
575 4220 686 4257 versum
704 4203 734 4258 in
752 4204 794 4259 ed.
815 4205 876 4276 alt]

180 4294 221 4363 **)
242 4292 295 4366 [cf.
316 4311 400 4364 supra
418 4312 444 4365 p,
464 4301 516 4349 333
536 4294 566 4349 et
584 4293 685 4364 Opusc.
705 4293 775 4364 phil.
793 4296 818 4349 ll
838 4313 864 4364 p.
884 4299 935 4349 636
946 4311 1005 4362 sqq.
1025 4294 1097 4365 603]
