2962 5032
132 258 198 320 568
223 273 386 321 rossana
405 272 448 319 zu
469 272 539 318 nun
558 270 716 318 assasse:
736 270 806 317 uos
826 253 1044 317 sescenos's
1063 267 1248 315 asiaisrs.

133 416 189 479 sed
212 415 371 480 delectum
394 413 460 478 aeri
484 413 603 479 indicio
627 436 665 478 ex
689 413 778 479 omni
797 413 976 497 scripturae
993 412 1174 497 farragine,
1196 411 1281 495 quic

134 520 211 605 quid
235 520 285 585 vel
314 519 355 584 ad
378 519 613 604 intellegendas
643 520 812 605 scriptoris
842 521 1020 584 sententias
1052 519 1104 584 vel
1137 517 1178 582 ad
1211 539 1280 602 per·

135 627 311 692 noscendas
340 625 614 710 addiscendasque
642 627 729 710 leges
757 626 888 712 linguae
918 627 1151 712 grammaticas
1174 624 1280 688 faeere

135 734 309 798 videretur:
337 733 369 797 id
394 733 480 816 quod
503 734 537 797 in
560 734 753 799 scholastica
775 734 947 819 disciplina
969 734 1186 799 cummaxime
1211 753 1280 796 esse

134 840 345 925 spectandum
376 861 488 904 omnes
520 843 734 906 consentiunt.
786 842 888 926 Atqui
919 840 1000 904 illud
1032 840 1182 924 profecto
1216 859 1280 903 non

135 949 255 1032 poterit
282 947 456 1030 opprobrio
480 947 577 1029 verti,
604 948 690 1031 quod
713 971 789 1033 pars
813 970 938 1028 eorum,
961 970 1043 1032 quae
1066 947 1144 1011 hnic
1167 949 1279 1010 nostro

134 1055 285 1118 instituto
308 1053 464 1117 inservire
487 1053 659 1135 voluimus,
682 1060 797 1138 suapte
815 1059 932 1118 natura
951 1055 1049 1117 etiam
1070 1054 1111 1117 ad
1131 1053 1278 1117 criticum

135 1183 237 1247 genus
263 1146 425 1243 pertinet:
457 1160 489 1223 in
522 1160 677 1245 pleraque
708 1184 749 1226 ne
778 1162 839 1226 hoc
871 1162 999 1245 quidem
1031 1161 1128 1225 cadit.
1174 1157 1279 1236 Quid?

134 1269 219 1354 quod
243 1266 399 1350 quasdam
422 1266 600 1350 scripturas
623 1269 850 1333 annotavimus
874 1273 984 1353 aperte
1007 1267 1119 1349 falsas,
1143 1267 1279 1331 vocabu·

135 1377 240 1441 lorum
265 1373 386 1439 formas
409 1395 449 1437 ne
468 1373 608 1438 Graecas
632 1374 772 1457 quidem,
795 1375 851 1439 sed
874 1397 1012 1459 quarum
1036 1373 1162 1458 species
1186 1373 1279 1438 facile

136 1483 229 1546 fallat
256 1481 437 1565 imperitos,
465 1480 636 1544 verbomm
664 1485 843 1546 structuras
871 1482 1006 1546 vitiosas
1036 1481 1167 1566 quidem
1197 1481 1280 1564 illas,

136 1587 190 1653 sed
219 1610 275 1653 cur
302 1587 369 1651 sint
398 1587 535 1650 vitiosae
562 1589 633 1671 ipsa
656 1586 762 1652 forma
784 1611 850 1653 non
874 1588 1054 1672 prodentes.
1100 1586 1195 1662 Quod
1217 1607 1278 1670 quo

136 1696 270 1760 consilio
295 1694 415 1758 factum
440 1693 497 1776 sit,
525 1715 590 1758 non
615 1700 666 1758 est
694 1694 825 1759 difficile
849 1694 889 1758 ad
913 1693 1159 1778 assequendum.
1205 1693 1277 1758 Ete-

136 1803 202 1866 nim
226 1803 428 1885 propositum
451 1800 514 1864 hoc
535 1801 607 1884 fuit,
629 1804 675 1883 ut,
698 1802 852 1885 aquibus
871 1800 1097 1884 Xenophontis
1119 1800 1278 1864 Anabasis

137 1907 272 1973 tractari
302 1905 399 1988 solet,
426 1907 480 1990 qui
507 1911 584 1970 sunt
608 1906 673 1971 fere
697 1908 812 1970 tertiae
841 1907 954 1972 classis
981 1908 1147 1992 discipuli,
1175 1906 1278 1971 abiis

137 2014 346 2098 consignatae
373 2013 407 2076 in
436 2014 582 2097 margine
612 2013 791 2098 scripturae
820 2013 1069 2098 diligentissime
1094 2013 1183 2079 domi
1206 2036 1277 2097 pen·

137 2123 325 2201 citarentur,
354 2142 425 2183 cum
449 2121 586 2204 receptis
610 2125 892 2205 compararentur,
919 2121 1005 2185 inter
1028 2126 1183 2204 utrasque
1207 2119 1279 2204 quid

137 2228 350 2294 intercederet
369 2228 565 2291 discriminis
590 2233 763 2311 erueretur,
787 2234 879 2292 utrae
902 2229 985 2292 utris
1008 2233 1214 2311 praestarent
1236 2228 1278 2291 iu·

137 2337 307 2417 dicaretur,
329 2334 508 2418 harumque
528 2333 774 2399 meditationum
794 2336 878 2400 ratio
898 2335 1084 2399 redderetur
1103 2335 1276 2399 sciscitanti

80 2473 126 2512 vu
143 2443 308 2527 magistro.
346 2439 437 2516 Quod
461 2463 533 2505 cum
557 2441 625 2505 fieri
644 2449 791 2525 nequeat,
814 2442 877 2506 uisi
902 2442 928 2505 si
953 2440 1048 2506 modo
1072 2441 1113 2506 ad
1141 2442 1276 2526 logicam

137 2548 303 2633 cogitandi
335 2569 480 2612 normam
512 2548 676 2611 sententia
705 2548 866 2634 exigatur,
898 2549 1006 2631 modo,
1036 2570 1177 2632 quonam
1208 2571 1275 2612 cum

139 2678 196 2719 suo
221 2676 365 2738 quaeque
389 2654 460 2717 loco
485 2654 698 2736 grammatico
723 2654 872 2738 singulae
892 2656 1061 2718 verborum
1082 2655 1133 2718 vel
1159 2655 1275 2720 formae

137 2763 188 2826 vel
217 2761 472 2826 constructiones
502 2761 629 2823 vinculo
658 2761 895 2838 contineantur,
925 2765 1111 2843 quaeratur:
1141 2763 1274 2844 sperari·

139 2891 209 2931 mus
233 2868 301 2930 fore
326 2872 369 2948 ut,
394 2867 517 2930 sollerti
541 2867 669 2950 quidem
693 2873 901 2950 praeceptore
925 2867 1054 2929 illarum
1080 2869 1273 2930 exercitatio·

138 2997 213 3038 num
239 2972 318 3037 duce
342 2977 375 3036 et
399 2972 615 3056 moderatore,
644 2978 677 3037 et
706 2974 871 3058 ingenium
895 2974 1087 3037 discentium
1113 2986 1274 3038 acueretur

138 3104 203 3145 non
232 3079 437 3143 mediocriter
464 3085 496 3143 et
523 3081 604 3142 satis
632 3080 775 3163 locuples
805 3082 846 3144 ab
870 3081 910 3143 iis
935 3089 1178 3164 compararetur
1202 3083 1273 3146 artis

138 3187 370 3272 grammaticae
390 3187 536 3268 facultas,
560 3208 597 3249 ac
617 3187 750 3249 minimo
770 3186 899 3269 quidem
919 3187 996 3250 illud
1018 3186 1065 3260 (id
1086 3189 1172 3271 quod
1192 3211 1274 3272 spec·

139 3293 271 3357 tandum
299 3291 361 3356 fuit
388 3298 515 3375 praeter
538 3290 659 3378 cetera)
684 3293 870 3356 chartarum
894 3292 1069 3376 dispendio.
1116 3294 1274 3373 Quocirca,

139 3423 211 3465 cum
236 3400 338 3483 primo
362 3401 394 3462 in
419 3400 490 3463 loco
515 3401 582 3462 iure
609 3405 747 3483 ponatur
773 3400 1018 3463 accuratissima
1043 3403 1188 3484 cognitio
1213 3406 1273 3483 ety-

139 3507 318 3590 ruologicae
341 3507 457 3589 partis,
485 3506 520 3569 in
544 3506 605 3568 hoc
628 3526 744 3588 genere
769 3505 888 3568 versati
913 3528 1022 3569 sumus
1046 3507 1222 3591 imprimis,
1244 3529 1275 3571 ac

139 3614 227 3678 locos
252 3613 454 3696 praecipuos,
477 3611 532 3695 qui
557 3617 633 3674 sunt
657 3612 694 3674 de
719 3612 917 3693 accentibus,
946 3612 984 3674 de
1008 3612 1171 3696 dialectis,
1195 3615 1275 3679 Atti·

139 3743 248 3783 corum
274 3721 477 3802 potissimum
502 3719 707 3802 proprietate,
730 3718 768 3781 de
787 3718 954 3781 nominum
975 3719 1211 3804 verborumque
1231 3723 1276 3784 de·

139 3825 321 3907 clinatione,
341 3825 379 3888 de
394 3825 622 3888 vocabulorum
641 3825 834 3889 formatione
854 3831 886 3888 et
905 3827 1148 3909 compositione,
1167 3829 1276 3891 idonea

140 3931 356 4014 exemplorum
387 3931 591 3995 multitudino
620 3930 764 3994 videniur
796 3933 952 4014 persecuti
986 3954 1063 3995 esse.
1113 3932 1174 3996 Sed
1205 3957 1277 4017 quo·

139 4039 235 4119 nium,
260 4042 295 4100 ut
318 4039 483 4120 praeclara
507 4037 601 4100 hodie
624 4041 674 4100 est
697 4039 780 4102 ratio
805 4040 997 4118 scholarum,
1021 4062 1060 4103 ue
1081 4041 1278 4121 syntecticae

139 4142 267 4224 quidem
292 4144 457 4208 doctrinae
490 4145 641 4208 tractatio
665 4145 770 4209 aliena
795 4151 844 4209 est
867 4147 908 4210 ab
932 4169 1042 4210 eorum
1067 4146 1280 4226 institutione,

140 4250 255 4331 ‹pribus
281 4251 420 4315 traditur
444 4251 618 4332 Anabasis,
646 4252 721 4315 huic
750 4274 875 4337 quoque
899 4254 1008 4337 generi
1033 4253 1118 4317 haud
1144 4254 1280 4317 illibera-

140 4356 215 4418 liter
239 4356 467 4421 consulendum
494 4381 561 4422 esse
586 4359 784 4441 putavimus:
810 4363 845 4421 ut
867 4359 1010 4423 habeant
1034 4359 1194 4443 discipuli,
1217 4382 1280 4443 quo
