2962 5032
462 308 721 358 aununamours
742 309 948 358 anavrmsa.
1220 295 1284 360 421

122 471 218 515 num
242 451 354 516 luxata
376 451 522 516 membra
544 474 609 517 non
629 452 737 537 inepte
756 452 819 518 hoo
837 453 985 536 exemplo
1004 454 1285 526 reconcinnentur:

229 592 343 679 Neque
367 592 462 659 Salus
485 595 624 678 seruire,
647 595 675 658 si
698 597 777 677 uolt,
801 598 852 660 mc
875 599 997 679 potest:
1020 617 1079 660 nec
1102 597 1229 681 copiast

231 699 298 781 [Me
324 700 548 786 expediundi]
579 698 644 766 nisi
676 702 704 765 si
735 703 889 767 astutiam
921 701 1063 786 aliquam
1093 702 1189 767 cordo
1219 705 1285 768 ma·

778 809 901 875 chinor.

230 914 343 998 Quam,
361 915 505 979 malum?
524 914 601 1000 quid
620 916 795 999 machiner,
814 917 890 1001 quid
905 917 1140 1000 comminiscar,
1158 917 1285 983 hae‘reo.
1300 943 1403 984 ccxxx

231 1019 331 1102 [Nisi]
354 1041 459 1105 nugas
482 1021 700 1106 ine'ptias[que
725 1021 803 1103 iam]
827 1020 981 1106 incipisso
1005 1025 1182 1089 maxumas.

130 1164 217 1230 Nisi
234 1164 253 1227 i.
269 1185 294 1228 e.
315 1162 390 1228 ‘nisi
408 1162 494 1248 quod
513 1168 636 1229 certum
656 1168 706 1228 est
724 1166 879 1230 maximas
899 1188 949 1230 me
968 1189 1072 1253 nugas
1092 1171 1125 1231 et
1143 1167 1284 1250 ineptias

128 1268 352 1354 incipissere',
384 1292 450 1335 non
482 1271 613 1336 insolito
647 1272 714 1337 cius
747 1273 923 1355 particulae
957 1296 1025 1338 usu.
1077 1273 1199 1350 Quodsi
1232 1274 1283 1338 cui

129 1378 257 1458 copiast
283 1397 391 1441 carere
414 1398 510 1460 posse
539 1377 690 1462 genetivo
719 1377 893 1456 videbitur,
921 1379 1057 1443 alterum
1086 1401 1213 1443 versum
1237 1379 1283 1444 sic

59 1475 68 1487 ’
129 1483 308 1547 restituero
326 1483 460 1566 poterit:
486 1484 560 1549 Nisa·
581 1485 610 1548 si
632 1483 697 1548 idun
722 1486 786 1566 [epo
809 1485 957 1565 astutam]
982 1487 1131 1551 astutiora
1153 1509 1182 1551 o.
1200 1508 1223 1550 c.
1242 1508 1282 1551 m.

131 1589 314 1674 Postquam
338 1589 439 1675 igitur
461 1591 524 1656 hoc
548 1613 675 1675 quoquc
699 1592 880 1676 exemplum
903 1597 1064 1657 remotum
1093 1596 1156 1675 est,
1183 1616 1282 1658 unum

134 1695 219 1781 (nisi
241 1695 324 1780 quod
347 1718 399 1761 me
422 1693 521 1781 fugit)
550 1701 699 1781 superest
722 1697 910 1763 alludente
939 1700 1047 1763 afferri
1071 1699 1202 1764 solitum
1226 1699 1282 1778 IV,

137 1805 168 1887 7,
194 1804 250 1868 22:

228 1946 310 2031 Ego,
331 1944 395 2011 nisi
418 1969 516 2032 quom
539 1947 612 2025 lusi,
635 1944 681 2011 nss
705 1969 814 2012 moror
837 1948 939 2012 ullum
962 1949 1099 2014 lucrum:

131 2112 212 2155 nam
242 2090 307 2154 cest
337 2110 397 2172 pro
427 2089 505 2153 ortler‘
534 2089 739 2154 scribendum
770 2112 840 2154 esse
869 2090 1008 2156 Bothius
1040 2091 1129 2156 vidit.
1179 2091 1281 2167 Quem

134 2219 264 2261 versum
289 2200 322 2261 et
343 2195 472 2260 Reizius
502 2195 583 2259 male
607 2196 774 2274 tractavit,
796 2218 855 2260 nec
878 2196 994 2260 melius
1018 2200 1215 2261 tractaturus
1239 2198 1282 2262 sit

132 2304 190 2388 qui
214 2303 266 2368 vel
288 2304 336 2369 au
357 2303 457 2368 ullum
476 2323 579 2367 moror
597 2302 716 2366 luorum
736 2303 786 2368 rel
805 2304 927 2368 nullam
945 2303 1023 2367 arilei
1040 2325 1143 2368 moror
1161 2305 1281 2369 laterum

133 2414 305 2495 proponat.
350 2409 425 2474 Non
455 2409 519 2472 levi
550 2412 656 2473 autem
686 2409 766 2473 mihi
796 2408 968 2475 offensioni
996 2431 1064 2474 esse
1089 2410 1195 2492 ipsum
1220 2411 1280 2476 tusi

133 2505 314 2600 perfectum
332 2515 453 2581 fateor:
478 2538 624 2600 proquo
649 2517 719 2580 lueto
743 2517 852 2598 potius
877 2516 926 2579 vel
951 2517 1057 2580 ludam
1082 2516 1132 2579 vel
1155 2517 1280 2582 luserim

132 2626 346 2706 exspectetur.
393 2621 596 2706 Quapropter
624 2623 789 2705 persanari
818 2622 910 2686 illum
935 2622 1130 2687 versiculum
1159 2623 1205 2687 sic
1228 2623 1280 2688 de·

132 2752 223 2795 mum
246 2731 401 2795 arbitror:

224 2873 306 2958 Ego,
329 2870 394 2937 nisi
417 2894 515 2956 quom
540 2874 642 2955 lustra,
665 2871 714 2936 nil
737 2893 837 2937 retorer
859 2872 961 2936 ullum
985 2873 1119 2937 lucrum.

134 3015 222 3080 Nam
253 3015 280 3080 si
310 3037 432 3098 veram,
460 3037 517 3080 cur
546 3014 720 3098 producere
752 3015 859 3095 loqrcor
886 3013 1027 3096 licuerit,
1059 3037 1125 3080 non
1153 3016 1279 3082 licuerit

133 3123 252 3206 ἰοφιῦν,
280 3144 428 3186 caussam
458 3143 557 3204 supra
580 3120 788 3205 investigavi,
816 3121 912 3185 huius
941 3121 1069 3205 quidem
1094 3123 1159 3187 vim
1183 3123 1278 3189 facile

133 3228 335 3313 intellegitur
359 3227 457 3293 etiam
482 3229 521 3292 ad
546 3239 631 3293 omer
654 3233 687 3292 et
709 3241 847 3310 sequerer
869 3229 1041 3312 pertinere,
1064 3231 1138 3313 quia
1162 3231 1203 3295 ab
1227 3231 1278 3296 his

135 3336 251 3400 amis
286 3339 318 3398 et
349 3335 514 3416 &quereris
551 3338 583 3398 et
616 3333 767 3398 similiter
798 3338 904 3398 cetera
935 3334 1025 3398 fiunt.
1076 3334 1277 3421 Quamquam

132 3442 280 3526 exempla
303 3441 383 3506 mihi
405 3462 491 3505 nuno
514 3440 611 3505 unius
639 3462 678 3504 or
704 3440 849 3523 syllabae
878 3441 911 3503 iu
939 3446 1093 3525 promptu
1121 3446 1211 3524 sunt,
1240 3443 1278 3505 de

133 3549 225 3612 cuius
247 3547 459 3631 productione
483 3547 696 3623 verissimum,
720 3549 757 3609 ut
780 3546 846 3609 iam
866 3550 1009 3630 apparet,
1033 3568 1162 3611 sensum
1182 3571 1277 3612 suum

132 3655 228 3720 nobis
252 3655 459 3720 Hermannus
484 3655 560 3720 olim
585 3652 790 3738 significavit,
814 3657 1083 3717 commemoratus
1107 3676 1126 3717 a
1149 3675 1200 3717 me
1219 3654 1277 3718 Pa·

131 3782 248 3846 rergon
273 3785 303 3845 p.
326 3761 400 3826 493.
424 3758 524 3827 Cuius
549 3761 587 3824 de
611 3759 706 3824 Most.
730 3757 792 3842 ΙΙΙ,
818 3761 849 3842 1,
873 3759 915 3823 93
939 3759 1106 3841 iudicium,
1135 3781 1198 3843 quo
1221 3760 1276 3824 ille

104 3863 106 3866 ’
132 3859 217 3934 hanc
240 3868 436 3952 scripturam
459 3866 717 3933 commendabat:

222 3991 380 4057 Perfacile
404 4013 463 4077 ego
487 3994 570 4058 ictus
590 3993 747 4075 perpetior
771 3993 989 4077 argenteos*),

130 4157 217 4200 nunc
240 4135 372 4220 reliquis
396 4157 477 4218 quae
501 4135 588 4199 infra
611 4135 705 4218 posui
730 4136 884 4219 exemplis
909 4136 1130 4199 confirmatum
1157 4137 1274 4221 accipe.

131 4242 175 4305 Et
200 4241 447 4326 Amphitruonis
470 4241 599 4326 quidem
623 4241 704 4324 prol.
728 4265 754 4305 r.
776 4242 817 4306 38
1290 4276 1408 4316 cmm

223 4419 249 4485 *)
269 4416 313 4487 [ln
327 4416 448 4472 editione
464 4416 633 4472 Ritschelius
654 4417 793 4485 perpetior
811 4416 946 4485 reposuit:
966 4418 1000 4470 cl.
1018 4436 1035 4488 p
1058 4425 1109 4472 417
1122 4419 1273 4490 annot.**.]
