2962 5032
488 134 752 185 sunuuarronrs
776 135 982 183 Pnsvmusn.
1247 117 1313 184 355

162 275 270 341 finitis
290 275 472 361 adiungere,
494 281 531 341 ut
554 299 613 360 quo
637 280 686 344 led
706 278 760 343 boc
777 279 874 344 meotis
894 280 1009 359 [dicam
1025 278 1198 360 prolfimsoi
1218 277 1313 357 sores.

166 383 281 448 sedet
303 405 361 467 per
383 389 396 448 t
418 384 516 449 scribi
538 406 639 449 sonus
662 386 752 451 uocis
777 384 943 450 admittit.²
988 384 1080 450 Nihil
1103 385 1137 449 in
1160 384 1227 448 illis
1250 385 1314 450 nisi

167 494 205 555 ut
227 491 355 556 videtur
376 491 439 557 hoc
461 492 664 557 mutandum:
696 491 775 558 ‘baa
798 494 897 572 enim,
921 514 1040 578 graeca
1062 514 1125 556 uox
1149 492 1197 577 οὐ,
1219 494 1242 558 d
1263 494 1313 558 lit

168 601 239 662 tera
262 601 285 663 t.
309 622 338 662 a.
362 621 389 664 a
412 598 450 666 o.'
487 599 659 665 Postrema
681 599 742 684 his,
765 604 801 665 ut
825 600 932 665 estin
956 600 1138 684 proverbio,
1162 600 1312 684 colopho·

167 726 241 770 nem
262 704 361 772 addat
374 705 500 772 Phocas
519 708 558 772 de
577 709 775 793 aspiratione
790 733 819 793 p.
838 707 924 774 1724
940 710 1028 792 [440,
1042 709 1086 774 42
1100 708 1169 789 K.]:
1193 705 1315 772 ‘omnia

168 834 251 898 quae
282 833 326 876 aa
358 811 596 900 diphthongum
629 816 663 879 in
695 816 801 900 prima
834 815 959 900 syllaba
990 813 1170 898 habebunt,
1202 814 1314 879 dasian

167 922 362 1004 respuerunt
378 923 417 983 ut
435 921 549 986 credam.
574 921 778 1006 designatum
799 925 849 986 est
867 921 964 987 bared:
984 920 1068 986 unde
1086 920 1211 987 mecm
1230 943 1315 985 corn·

168 1027 312 1111 positnm
342 1026 499 1112 simplicis
529 1028 664 1094 habebit
694 1028 909 1114 scripturam?
955 1028 1065 1094 Fluxit
1094 1028 1156 1093 hoe
1187 1050 1314 1114 quoque

168 1154 185 1197 e
210 1134 351 1219 genuino
380 1134 471 1200 fonte
500 1136 650 1220 antiquae
679 1136 857 1220 doctrinae,
884 1137 947 1201 nisi
972 1136 1057 1222 quod
1080 1158 1146 1201 non
1169 1158 1208 1201 ex
1230 1135 1317 1201 baad

168 1243 202 1304 et
223 1242 294 1324 seio,
324 1241 380 1306 sed
403 1263 442 1306 ex
465 1241 527 1308 hoc
549 1248 582 1307 et
604 1242 668 1308 baa
691 1243 842 1327 componi
864 1244 1015 1310 learcscio
1038 1244 1185 1329 fugiebat
1210 1264 1314 1329 gram·
1329 1265 1372 1306 cn

166 1349 331 1414 malicum.
382 1346 443 1413 Sed
474 1350 513 1414 de
542 1350 602 1414 tali
633 1351 814 1434 composito
844 1349 1093 1434 haudquaquam
1126 1373 1198 1416 eum
1229 1372 1313 1414 som·

166 1454 284 1538 niasse,
308 1455 501 1522 documento
525 1461 577 1521 est
599 1456 823 1522 Palatinarum
847 1458 881 1523 in
900 1456 1120 1524 Mostellariae
1143 1479 1237 1523 versu
1256 1444 1314 1540 ΙΙῘ,

165 1561 196 1643 2,
215 1561 260 1626 96
280 1563 440 1647 scriptura
457 1563 580 1644 decrescis
603 1560 669 1649 (cui
692 1566 870 1631 recentiore
893 1588 991 1630 manu
1016 1566 1267 1650 superscriptum
1287 1562 1313 1648 t)

166 1668 201 1732 in
223 1667 268 1751 B,
294 1669 416 1751 handle
439 1671 473 1735 in
497 1669 529 1736 0.
575 1669 726 1738 Ceterum
755 1674 854 1739 etiam
876 1671 1027 1754 hauseras
1046 1672 1181 1739 Poenuli
1204 1671 1261 1756 IV,
1284 1672 1314 1755 2,

169 1777 210 1842 13
233 1776 268 1841 Β
291 1779 440 1844 servavit.

256 1882 438 1950 Molliorem
463 1909 536 1951 oum
559 1886 688 1952 duriore
712 1909 792 1953 sono
812 1890 934 1953 mutavi
954 1889 1052 1952 etiam
1071 1889 1105 1952 in
1122 1887 1314 1970 poplicus,

165 1989 199 2054 id
227 1991 284 2054 ubi
307 1991 384 2057 libri
408 1992 573 2077 offerrent,
600 1998 638 2058 ut
660 2017 688 2059 v.
712 1995 786 2060 286.
813 1995 907 2080 1057,
935 2017 997 2080 quo
1021 2016 1114 2060 versu
1138 1993 1256 2057 mirum
1279 1992 1314 2054 in

166 2095 203 2161 B
220 2096 354 2179 pollicis
369 2099 466 2164 scribi
490 2104 527 2164 ut
551 2101 601 2165 bis
624 2105 792 2185 praeterea
815 2124 843 2165 v.
871 2101 963 2166 1044.
990 2096 1121 2185 1046.*)
1146 2134 1186 2145 -
1212 2097 1276 2162 Pro
1299 2117 1315 2160 c

165 2203 301 2268 olibrio
329 2205 568 2289 suscipiendum
595 2228 617 2289 9
640 2207 717 2271 duxi
740 2208 774 2271 in
798 2208 971 2290 perpetio
993 2231 1022 2272 v.
1048 2207 1143 2272 1016.
1187 2205 1225 2270 ln
1249 2224 1313 2269 ser·

165 2308 273 2374 vando
297 2315 310 2374 t
331 2332 389 2395 pro
412 2332 436 2394 c,
459 2316 495 2376 ut
516 2312 550 2376 in
568 2315 697 2380 mentius
713 2316 852 2395 pretium
869 2316 1031 2397 eragolisam,
1053 2312 1213 2378 Palatinis
1232 2310 1313 2375 mul-

166 2420 240 2480 tum
266 2421 412 2501 praestat
440 2417 649 2484 Ambrosiani
681 2419 866 2503 diligentia:
899 2421 932 2484 in
964 2420 1099 2485 condicio
1131 2416 1315 2484 consentire

166 2544 281 2589 omnes
309 2524 425 2590 solent.
455 2561 492 2571 —
524 2524 730 2592 Geminatam
758 2530 990 2593 consonantem
1018 2549 1092 2591 cum
1119 2526 1152 2591 A
1179 2523 1315 2609 probavi

168 2631 203 2695 in
224 2651 421 2697 comessum
444 2654 473 2697 v.
496 2632 561 2697 406
580 2630 645 2718 (eui
668 2654 846 2719 congruum
866 2638 916 2698 est
935 2634 1012 2698 alibi
1031 2634 1065 2698 in
1084 2631 1195 2698 eodem
1216 2630 1314 2713 serip-

167 2742 238 2802 tum
268 2735 500 2823 sssnmo**)),
531 2738 709 2824 simplicem
733 2763 804 2805 cum
838 2741 987 2807 omnibus
1021 2741 1054 2804 in
1081 2759 1184 2821 aalma,
1206 2737 1314 2821 paulo,

167 2850 201 2912 et
224 2847 311 2933 quod
334 2849 488 2912 constans
510 2847 545 2910 in
567 2845 629 2911 hoc
651 2847 808 2912 librorum
832 2848 910 2912 fides
942 2848 1048 2914 solum
1075 2850 1199 2931 tuetur,
1226 2846 1315 2911 ilico

168 2976 227 3038 pro
255 2953 437 3020 reiectaneo
464 2953 556 3018 illico.
602 2952 673 3029 Quo
701 2954 843 3038 pertinet
869 2955 904 3018 in
928 2955 999 3020 aliis
1023 2954 1143 3019 fabulis
1166 2953 1313 3038 frequen·

167 3063 276 3125 tatum
303 3061 425 3126 uilicus.
475 3059 524 3125 De
551 3062 659 3139 immo,
687 3066 839 3144 quattuor,
867 3061 1019 3145 Iuppiter,
1046 3062 1130 3128 mille
1157 3066 1190 3127 et
1217 3062 1315 3144 milch,

167 3189 272 3234 omaus
295 3172 328 3232 et
351 3167 465 3233 amalus
488 3165 530 3252 (v.
551 3165 628 3253 789)
652 3168 686 3232 in
710 3167 825 3252 vulgus
848 3171 987 3234 constat.
1023 3167 1247 3234 Vitiosissima
1266 3172 1316 3233 est

167 3275 267 3342 hicce
293 3274 429 3341 barsace
456 3274 627 3360 scriptura,
655 3274 694 3339 de
718 3298 782 3360 qua
804 3297 870 3340 non
893 3275 1026 3360 indigna
1050 3275 1213 3360 explicatu
1236 3274 1316 3340 alibi

168 3403 331 3468 promam:
360 3383 500 3468 amplius
528 3383 614 3447 enim
642 3404 693 3447 res
722 3383 865 3467 spatium
892 3383 1005 3467 poscit.
1030 3419 1072 3427 —
1095 3381 1315 3467 Elegantioris

168 3491 288 3555 aetatis
302 3489 534 3556 consuetudine
550 3491 685 3555 astrites
699 3490 827 3554 litteras
842 3490 969 3553 servavi
982 3487 1017 3553 in
1040 3489 1187 3570 quincto
1206 3511 1234 3553 v.
1249 3488 1314 3554 524

169 3618 243 3662 cum
266 3594 389 3683 ΑΝ),
418 3620 491 3663 cum
515 3597 628 3662 eodem
651 3597 686 3660 in
709 3596 847 3682 disparis
871 3596 1009 3660 rationis
1032 3595 1138 3661 forma
1159 3600 1317 3660 nanctus

170 3725 199 3767 v.
223 3703 274 3787 63,
298 3703 350 3769 cui
373 3703 566 3770 conferenda
588 3703 709 3768 ibidem
731 3703 897 3788 proditum
920 3707 1112 3787 corrumpier
1134 3726 1163 3768 v.
1187 3702 1261 3786 240,
1282 3701 1317 3766 in

262 3899 289 3967 *)
308 3897 360 3968 [cf.
381 3897 482 3968 Opusc.
501 3897 571 3967 phil.
590 3897 629 3952 IV
646 3916 674 3967 p.
695 3904 745 3953 123
756 3915 816 3967 sqq.
837 3899 952 3966 161qu

246 3992 289 4057 ⁸²⁸)
308 3987 361 4058 [ef.
381 3987 480 4058 Opusc.
499 3986 568 4056 phil.
588 3985 614 4040 ll
633 4004 659 4056 p.
679 3992 730 4040 546
750 3987 845 4041 annot.
865 3986 902 4040 Ill
921 4006 948 4057 p.
968 3987 1023 4055 65]

226 4078 288 4146 W)
312 4076 464 4147 [‘quamvis
492 4092 555 4130 rara
580 4076 609 4130 et
633 4075 751 4130 fortasse
777 4074 926 4144 singularis
955 4075 984 4129 in
1011 4075 1073 4145 ipso
1090 4090 1206 4130 numero
1225 4090 1259 4130 ea
1277 4074 1315 4129 sit

171 4164 318 4235 scriptura,
333 4165 368 4222 de
382 4184 438 4236 qua
453 4166 487 4222 cl'.
498 4181 570 4234 qnae
585 4164 642 4219 dixi
657 4164 709 4219 ode
724 4165 833 4220 tesseris
843 4163 1036 4234 gladiatoriis»
1051 4182 1078 4234 p.
1088 4163 1151 4218 324’
1164 4166 1209 4233 (=
1215 4163 1316 4233 Opusc.

172 4252 240 4324 phil.
260 4254 299 4309 IV
318 4273 345 4324 p.
366 4257 437 4324 607).
457 4253 562 4322 Trin.²]

1050 4340 1105 4396 23*
