2962 5032
382 366 455 414 Dvo
478 365 744 414 PROGRAMMATA
767 363 954 411 PLAVTINA.

609 508 732 573 chvs.

359 615 433 680 Non
457 616 565 681 hercle
655 639 672 675 *
762 639 779 674 e
869 637 886 674 e
975 634 993 672 e

526 743 816 805 Armoromrmss.

190 871 206 906 s
296 871 312 906 r
403 870 420 907 e
510 870 527 906 *
586 851 679 911 tuum
702 847 767 910 iam
792 845 908 910 elidem
933 848 1039 928 caput,

145 952 219 1016 Nisi
242 956 299 1017 aot
322 952 485 1016 auscultas
510 955 567 1016 orit
588 954 616 1018 is
640 953 673 1017 in
698 953 817 1018 malem
841 975 976 1017 crucem.

610 1077 733 1143 Lrovs.

146 1183 267 1249 Melam
291 1182 324 1247 in
347 1205 474 1248 erucem
498 1183 552 1247 ibo
576 1184 694 1267 potius.

528 1305 819 1374 Arrrrromrmss.

687 1430 895 1498 Certumnest
918 1431 1001 1496 tibi?

612 1554 736 1620 chvs.

1016 562 1029 592 ἐ

147 1660 289 1728 Certim.

529 1770 822 1835 Arremommss

316 1874 399 1939 Tum
422 1879 459 1939 tu
482 1875 583 1960 igitur
606 1876 658 1941 die
681 1878 778 1961 bono,
801 1875 1017 1961 Aphrodisiis,

149 1983 270 2049 Addice
293 1985 384 2047 tuom
408 1981 608 2048 meretricem
632 1984 713 2049 mihi
736 1985 959 2050 minrisculam.

613 2107 738 2173 chvs.

149 2215 201 2279 Ita
224 2217 274 2278 res
298 2214 409 2279 diuina
431 2211 517 2277 mihi
539 2213 614 2278 fuit:
637 2237 689 2278 res
714 2216 814 2279 stirias

151 2320 264 2386 Omnis
287 2319 410 2386 extollo
433 2341 472 2383 ex
494 2319 556 2385 hoo
580 2321 630 2387 die
654 2322 688 2384 in
712 2321 811 2386 alirim
835 2321 929 2385 diem.

531 2444 824 2511 Arrruomnms.

150 2552 316 2619 Profestos
340 2550 440 2615 festos
463 2550 601 2614 heibeom
625 2550 822 2615 decretiimst
845 2549 935 2615 mihi.

151 2657 245 2724 Nunc
269 2657 344 2722 hine
367 2679 478 2722 eamus
502 2655 599 2722 intre.

619 2781 739 2846 chvs

640 2905 780 2991 Sequere
803 2906 865 2971 hae
889 2907 950 2972 me.

537 3032 827 3097 Arrfflomrmes.

424 3210 432 3234 .
958 3137 1094 3222 Sequor:

153 3246 191 3310 In
214 3246 299 3311 hono
322 3246 407 3310 diem
431 3245 497 3309 ism
520 3248 594 3309 titus
618 3267 690 3309 sum
714 3245 960 3309 mercenntrius.

200 3422 268 3475 Aer.
284 3422 326 3474 II
338 3419 455 3474 LYCVS
470 3418 761 3473 ANTAMOENIDES
771 3420 822 3488 (oct
834 3420 950 3487 fortasse
964 3417 1252 3485 ANTAMOINIDES)

110 3512 145 3565 A.
166 3511 284 3565 LYCVS
303 3507 581 3565 ANTAMONEDES
600 3507 699 3562 LENO
718 3507 829 3562 Mltos
843 3508 880 3562 B.
898 3507 1016 3563 LYOVS
1036 3505 1254 3562 ANTAMONE·

111 3599 178 3654 Dos
198 3601 235 3654 1).
272 3598 364 3668 Lycus
383 3598 456 3654 leno.
494 3595 700 3651 Antamonedes
719 3595 801 3650 miles
816 3597 842 3648 Z
859 3602 892 3665 et,
915 3598 973 3651 nisi
996 3597 1068 3665 quod
1085 3598 1254 3651 Autonomo-

111 3687 169 3756 des,
189 3687 225 3740 F.
268 3686 321 3741 Vbi
339 3684 539 3742 Antomonides
561 3685 692 3754 Pylades,
715 3682 936 3740 Anthemonides
955 3686 1062 3738 Aldina
1086 3687 1159 3750 (cum
1184 3685 1255 3738 Iuc-

111 3777 172 3828 tina
192 3778 284 3843 puto),
306 3773 543 3831 Anthoemonidee
567 3773 748 3827 Camerarius.
799 3773 914 3828 Dictum
936 3779 974 3828 eet
997 3776 1029 3828 de
1051 3791 1115 3828 vero
1138 3775 1256 3827 rectricis

111 3864 202 3931 forma
229 3865 260 3917 in
287 3864 396 3934 Quaect.
421 3862 564 3916 onomatol.
591 3861 684 3916 Placet.
710 3862 843 3925 (Decactis
868 3879 986 3931 prooem.
1012 3862 1104 3918 Boon.
1130 3861 1258 3916 Berolini

112 3970 138 4006 a.
158 3958 230 4006 1861
251 3953 338 4007 editae
356 3954 421 4007 diso.
443 3951 478 4018 V)
493 3968 523 4019 p.
541 3950 586 4003 VI
594 3966 631 4019 eq.
651 3951 768 4020 [Opusc.
781 3952 843 4004 ΙΙΙ
860 3970 888 4020 p.
898 3956 953 4006 346
961 3968 998 4021 sq.
999 3952 1019 4021 ]
1090 3957 1140 4004 451
1162 3950 1190 4004 Si
1200 3951 1257 4005 Da.

113 4039 159 4093 Dii
179 4040 209 4094 F
278 4039 447 4095 infelicitent
464 4039 500 4108 F,
519 4040 740 4108 Noniusp.126
813 4047 1041 4104 453Qo1onnmr
1055 4041 1082 4094 A
1146 4052 1258 4094 simius

114 4130 184 4198 A,Z
240 4128 329 4184 sacrif.
350 4130 377 4182 Z
429 4135 482 4183 454
500 4127 615 4183 infoelix
636 4129 661 4181 Z
717 4138 788 4178 oms
808 4128 842 4183 A.
863 4127 918 4182 diii
933 4127 968 4183 F.
988 4127 1032 4182 dis
1047 4130 1147 4198 reliqui
1199 4139 1259 4178 Mirr

114 4220 141 4272 A
220 4217 391 4273 tretiliumus
407 4218 484 4274 ODa.
512 4217 666 4273 iratiliimis
681 4217 711 4271 F
791 4224 842 4272 465
861 4234 949 4288 agnos
967 4217 1113 4272 immolani
1133 4218 1258 4290 leodes.

114 4306 260 4361 immolani
279 4306 368 4376 agnos
383 4308 448 4362 libri
466 4325 527 4362 eum
546 4309 581 4364 A.
618 4322 722 4376 agones
744 4306 889 4363 immolani
912 4307 1054 4361 Meursiue
1072 4306 1155 4362 Festo
1173 4325 1203 4376 p.
1223 4313 1259 4361 10

114 4397 228 4450 abien&
251 4397 324 4450 unde
342 4397 419 4450 imm.
439 4413 543 4467 agonas
564 4397 672 4450 Parcus
743 4401 796 4451 456
815 4395 971 4467 propiciam
990 4397 1017 4449 Z
1086 4396 1128 4452 uti
1146 4397 1202 4450 iam
1222 4397 1258 4450 R.

114 4484 157 4540 uti
175 4484 337 4542 BODFZ.
358 4500 397 4541 ur
416 4489 443 4539 A
498 4487 584 4554 esset]
604 4484 678 4540 foret
696 4485 816 4540 Reicies.
835 4485 915 4541 fieret
937 4485 1136 4540 Lachmannuc
1207 4491 1259 4541 457

993 4574 1049 4630 36*
