2962 5032
239 298 304 361 504
526 311 786 360 enonaeoneua
810 313 858 359 ns
882 312 1093 361 narroumvs

239 456 385 541 linguam
416 457 583 520 transierit
611 457 718 520 cintia
748 456 1003 539 pronuntiatum.
1053 455 1122 521 Nec
1152 479 1272 522 caussa
1302 478 1392 520 nunc

238 562 320 628 latet
343 585 400 628 our
423 584 488 627 non
511 562 780 647 probabilitatem
802 567 939 646 tantum,
962 562 1018 626 sed
1040 564 1272 629 necessitatem
1296 584 1392 628 suoru

239 671 326 735 vocis
359 670 534 753 synizesis,
572 691 669 754 quam
702 670 768 734 iam
800 693 830 754 p.
863 687 945 735 cmv
980 661 1072 752 [399]
1107 671 1393 753 commendabam,

240 802 268 842 v.
296 778 379 842 1133
402 777 535 842 habeat:

329 920 413 985 Eum
437 942 581 985 sororem
600 921 808 1005 despondisse
827 944 919 986 suam
939 919 972 985 iu
992 927 1060 986 tam
1078 921 1198 986 fortem
1219 922 1395 986 familiam.

239 1063 376 1129 Prorsus
407 1068 515 1128 autem
547 1064 744 1148 singularem
776 1065 971 1149 auribusque
1002 1065 1133 1129 minime
1165 1065 1393 1129 blandientem

240 1168 448 1255 dactylum*)
476 1170 602 1255 integro
630 1169 791 1254 dactylico
820 1170 978 1235 vocabulo
1006 1171 1277 1254 comprehensum
1302 1172 1394 1257 quod

240 1300 268 1342 v.
293 1278 357 1343 289
382 1277 513 1342 admisi:

330 1420 401 1497 Quo
424 1443 540 1486 manus
564 1419 764 1505 apstiueant:
787 1425 884 1485 cetera
907 1423 985 1504 repe
1004 1422 1095 1486 trahe
1115 1424 1189 1486 tene
1208 1421 1289 1506 frige
1311 1423 1396 1488 late:

240 1563 273 1627 id
298 1563 446 1629 consulto
469 1563 532 1628 feci
557 1563 648 1627 utin
671 1563 813 1628 cantico:
836 1585 913 1627 nam
937 1564 992 1648 qui
1011 1563 1045 1627 in
1064 1564 1198 1629 canticis
1219 1587 1296 1629 cum
1318 1565 1395 1629 aliis

242 1670 387 1735 versibus
416 1675 486 1735 tum
514 1669 688 1734 trochaicis
719 1670 896 1735 octonariis
924 1670 1098 1753 septenarii
1128 1670 1324 1754 miscentur,
1360 1672 1394 1735 hi

242 1799 353 1841 eorum
383 1777 642 1860 septenariorum
671 1776 788 1862 quibus
816 1776 960 1861 integrae
990 1798 1125 1841 scaenae
1153 1778 1396 1843 continuantur

242 1885 446 1948 severitatem
471 1883 582 1948 multis
606 1883 640 1946 in
664 1883 759 1947 rebus
784 1888 983 1947 aversantur.
1028 1881 1098 1947 Nec
1120 1883 1269 1966 profecto
1295 1885 1352 1948 vel
1376 1909 1396 1949 a

242 2014 376 2056 caesura
408 1991 594 2056 concinnior
624 1991 675 2054 vel
706 2013 726 2055 a
756 1989 912 2055 librorum
945 1991 1005 2055 fide
1034 1990 1134 2054 tutior
1162 1990 1242 2055 haec
1274 2014 1395 2056 versus

227 2099 366 2190 ‚species
390 2103 452 2162 est:

331 2239 400 2316 Quo
424 2263 539 2305 manus
564 2239 765 2324 apstineant:
790 2242 896 2305 cetera
915 2262 1001 2324 rape,
1024 2241 1124 2324 trahe,
1147 2240 1223 2326 fuge
1249 2245 1283 2306 e‘t
1309 2243 1394 2307 late:

241 2407 301 2449 nec
329 2384 416 2448 enim
440 2383 490 2446 vel
519 2389 594 2466 post
617 2387 765 2467 quartam
789 2384 839 2447 vel
863 2388 939 2468 post
961 2384 1109 2467 quintam
1133 2384 1230 2447 araim
1256 2384 1294 2446 iit
1320 2407 1394 2448 cae-

242 2513 327 2573 sura,
350 2494 383 2555 et
407 2490 549 2554 insolens
573 2493 622 2553 est
646 2489 821 2572 dactylicae
842 2489 928 2554 vocis
954 2491 1149 2574 oxytoneeis,
1172 2494 1204 2554 et
1227 2513 1248 2554 a
1271 2491 1392 2555 codici·

244 2597 303 2661 bus
325 2601 354 2660 et
377 2597 478 2659 abest.
524 2596 639 2680 ltaque
668 2619 741 2661 oum
771 2597 901 2680 produci
931 2619 1025 2681 posse
1051 2598 1122 2680 fune
1145 2619 1210 2661 non
1234 2599 1280 2662 sit
1305 2600 1395 2663 male

243 2703 381 2768 credulis
406 2702 596 2766 credendum
608 2702 674 2786 **),
703 2703 797 2766 simul
824 2705 933 2766 autem
957 2704 1030 2786 plus
1055 2705 1181 2788 gratiae
1205 2704 1393 2770 ἀευνῦέτω(

243 2809 385 2893 copulati
415 2809 599 2891 imperativi
628 2809 783 2891 habeant,
817 2832 912 2873 uuam
938 2811 1138 2874 consimilem
1163 2812 1311 2874 voculam
1340 2835 1392 2876 ex·

244 2916 359 2982 cidisse
388 2916 511 2980 conieci
540 2916 581 2978 ab
605 2915 706 2998 ipsius
731 2916 877 2997 exemplo
903 2915 1009 2980 Plauti
1034 2917 1196 2999 profectus
1222 2916 1341 2981 Pseud.
1368 2918 1393 2999 l,

244 3026 273 3104 2,
297 3026 396 3106 lisq.:

318 3146 395 3220 'Qui
420 3146 500 3210 hee'c
520 3147 641 3211 liabent
660 3147 809 3228 consssia,
834 3148 888 3211 ubi
909 3149 985 3210 data
1005 3149 1175 3211 occasiost:
1201 3169 1283 3229 rupe.
1302 3151 1396 3231 ebir.

1098 3260 1190 3330 lerze,

457 3360 625 3442 liriniaco,
648 3362 724 3438 bibo,
747 3365 791 3443 e's,
812 3363 893 3444 fuya.

105 3526 228 3565 reexxx
245 3503 339 3568 Vnde
359 3505 419 3568 etsi
440 3510 585 3588 poteram
606 3505 704 3568 etiam
725 3506 802 3585 olene
820 3505 853 3566 in
869 3504 1049 3567 'lrinummi
1070 3527 1195 3567 versum
1217 3506 1395 3569 asciscere:

243 3612 317 3690 rupo
339 3612 417 3691 clepo
440 3611 526 3674 trube
547 3612 618 3691 ἠέρα
642 3613 714 3679 late.
755 3616 862 3675 tamen
895 3611 974 3675 illud
1008 3633 1064 3674 cur
1097 3611 1307 3694 praetulerim
1320 3614 1395 3694 ***)

244 3716 405 3780 nemiuem
429 3717 541 3801 fugere
565 3717 713 3780 arbitror.

351 3896 377 3957 *)
397 3892 554 3962 [mercasse
573 3893 658 3959 (utin
674 3891 793 3960 cantico)
813 3893 981 3962 bisyllaburn
1001 3910 1061 3947 csse
1080 3899 1166 3947 celero
1185 3894 1270 3962 poeta
1290 3895 1395 3959 voluit,

244 3984 275 4034 ut
302 3983 403 4034 altrum
431 3981 613 4048 aliquotiens,
642 3981 676 4035 de
705 3999 760 4049 quo
788 3981 845 4035 dixi
873 3982 974 4051 Opueo.
999 3982 1066 4051 pbil.
1088 3983 1112 4036 ll
1137 4000 1163 4050 p.
1182 3988 1243 4035 458.
1264 3989 1315 4036 673
1333 3986 1393 4052 sq.‘

244 4069 340 4125 Trin'.
379 4071 507 4125 Celerum
528 4070 562 4122 cl.
583 4069 717 4123 Fleckeis.
739 4088 799 4124 uon.
820 4072 887 4140 phil.
909 4071 1007 4125 XCVll
1028 4075 1118 4139 (1867)
1139 4089 1163 4138 p.
1180 4073 1252 4140 tub}

333 4159 375 4227 ⁸⁸)
395 4160 467 4229 [Ἤρ
491 4157 614 4212 iambica
636 4175 766 4212 mensure
788 4161 852 4228 suae
876 4160 952 4214 vocis
976 4177 1027 4214 nec
1046 4159 1156 4214 Crainio
1181 4177 1232 4212 nec
1252 4161 1393 4218 Coreseno

245 4250 279 4302 de
299 4247 491 4302 enuntiatione
511 4264 534 4302 e.
554 4266 580 4314 q.
600 4266 620 4301 s.
642 4247 651 4298 l
672 4265 697 4315 p.
718 4255 769 4300 339
798 4265 848 4301 ner
868 4249 1009 4316 Wagnero
1028 4248 1097 4301 llus.
1119 4248 1169 4301 Rb.
1192 4249 1266 4302 Xllll
1289 4269 1314 4318 p.
1338 4257 1393 4305 425

246 4337 433 4390 eredendum)
456 4336 557 4406 'small

316 4425 372 4495 m)
393 4427 435 4495 [ln
459 4426 501 4479 cd.
521 4423 570 4478 alt.
596 4443 652 4479 non
675 4425 766 4479 tenuit
786 4424 954 4480 ltitschelius
974 4431 1031 4479 tene
1051 4425 1103 4479 hoo
1123 4425 1184 4479 loco
1203 4427 1391 4496 propositum,
