2962 5032
668 337 825 387 iuuare.
1157 398 1161 405 ,
1253 321 1316 386 759

173 481 306 565 attinet,
340 503 404 545 non
437 481 531 546 licuit
557 499 615 564 ru,
649 481 740 546 cuius
777 482 841 547 scis
875 485 995 568 quanto
1024 481 1128 549 teneri
1156 481 1315 547 desiderio

172 587 308 670 soleam,
343 588 376 651 in
409 588 642 652 iucundissimo
676 588 821 672 hospitio
848 588 1026 654 Dresdcnsi
1060 611 1169 654 coram
1196 588 1315 653 intueri

171 698 268 778 atque
306 694 470 779 appellare
502 712 666 772 rvanovn
699 695 829 760 virtutis
865 696 1104 761 venerationem
1137 718 1208 760 cum
1242 717 1314 760 sua-

172 801 312 865 vissimis
340 801 452 865 amicis
483 805 516 865 et
543 801 757 867 familiaribus
785 805 1037 888 communicare,
1062 826 1199 889 quorum
1221 824 1314 888 prae·

171 909 275 973 sentia
305 907 430 972 conicio
460 909 558 973 istum
587 928 632 973 ΤΕ
661 911 808 994 praeside
831 910 993 976 illustrem
1023 915 1217 976 conventum
1241 933 1314 976 con-

170 1016 321 1080 decorari.
368 1014 460 1091 Quod
487 1016 616 1100 quidem
646 1036 803 1100 pergrave
834 1017 915 1081 mihi
948 1019 1101 1083 damnum
1134 1022 1171 1083 ut
1204 1018 1313 1103 aliquo

172 1123 267 1188 modo
287 1123 475 1188 resarcirem
496 1145 664 1209 meamque
684 1124 828 1189 absentis
847 1125 1038 1189 memoriam
1057 1148 1130 1190 cum
1151 1144 1223 1189 rrm
1242 1128 1312 1190 tum

170 1235 221 1294 tot
247 1230 330 1295 caris
362 1230 523 1315 capitibus
551 1231 806 1316 redintegrarem
835 1234 867 1296 et
890 1232 1005 1296 saltem
1035 1233 1081 1297 sic
1107 1255 1183 1316 pars
1208 1254 1312 1296 essem

170 1336 367 1401 laetissimae
396 1337 561 1401 societatis
597 1341 738 1421 vestrae,
765 1337 845 1402 hacc
875 1338 915 1402 ad
943 1356 987 1401 Tr:
1019 1338 1091 1402 misi
1127 1337 1165 1401 de
1194 1337 1265 1402 loco
1294 1359 1311 1401 e

170 1443 392 1508 communibus
411 1443 531 1508 litteris
549 1443 653 1527 petito
672 1466 775 1528 nuper
792 1445 982 1528 perscripta.
1019 1443 1107 1520 Quae
1131 1461 1201 1507 rim
1221 1465 1313 1508 sacra

169 1554 277 1614 essent
301 1551 400 1615 etiam
422 1569 487 1614 non
513 1554 715 1615 consecrata:
747 1569 817 1615 mul
847 1552 932 1615 enim
961 1553 1094 1634 accepta
1121 1551 1314 1634 referuntur,

171 1657 225 1741 qui
240 1678 305 1721 non
318 1660 447 1722 tantum
461 1657 502 1722 ad
517 1657 730 1722 humanitatis
746 1658 853 1722 studia
868 1662 900 1722 et
915 1658 985 1741 ipse
1005 1662 1037 1721 et
1055 1680 1114 1742 per
1133 1657 1312 1742 Reisigium

169 1781 264 1827 rvvu
288 1763 505 1849 Lobeckiique
533 1782 593 1829 rvr
617 1763 837 1848 Spitznerum,
862 1786 942 1849 quos
967 1787 1039 1829 cum
1062 1768 1114 1830 tot
1137 1764 1213 1829 aliis
1233 1764 1311 1828 viris

169 1887 260 1934 rvau
287 1873 381 1955 grata
405 1869 561 1936 Berussia
588 1870 776 1955 disciplinae
804 1871 914 1955 debet,
937 1871 1016 1936 olim
1040 1893 1091 1935 me
1115 1871 1312 1956 informaris,

168 1977 223 2041 sed
260 1977 360 2042 etiam
389 1977 520 2063 horum,
554 2001 635 2064 quae
666 1979 706 2043 ad
742 1979 902 2044 comicum
935 1982 1097 2063 spectant,
1131 1977 1311 2044 studiorum

168 2106 249 2150 unus
278 2084 358 2149 mihi
386 2085 450 2148 dux
478 2088 511 2149 et
538 2085 609 2150 sola
631 2089 760 2169 praeter
792 2084 936 2149 divinum
965 2083 1113 2150 Britanni
1145 2086 1311 2170 ingenium

167 2192 422 2277 lunexstiteris.
468 2191 590 2268 Quodsi
615 2213 684 2255 eam
717 2192 822 2274 ipsam
851 2214 982 2276 operam
1011 2209 1121 2277 Tuan,
1154 2214 1218 2277 qua
1241 2196 1309 2255 tam

166 2284 366 2381 praeclaram
386 2298 471 2362 viam
491 2297 647 2381 stravisti,
671 2298 842 2382 aliquoties
861 2320 947 2363 nunc
970 2298 1174 2383 impugnavi:
1197 2299 1230 2362 id
1253 2298 1310 2362 ubi

168 2410 252 2471 recte
280 2406 402 2488 fecero,
431 2405 563 2469 minime
591 2404 702 2470 dubito
733 2405 810 2489 quin
833 2405 918 2469 idem
942 2408 1000 2469 aut
1021 2405 1146 2489 pridem
1169 2406 1238 2489 ipse
1262 2406 1309 2469 in·

165 2512 328 2578 tollereris
360 2516 418 2576 aut
445 2532 556 2576 eorum
584 2533 666 2594 quae
690 2511 771 2576 mihi
794 2511 959 2597 contigere
990 2511 1225 2596 praesidiorum
1248 2534 1310 2577 usu
1340 2567 1346 2578 .

166 2619 239 2684 ilico
263 2617 492 2702 intellexissem
519 2618 576 2682 ubi
600 2619 706 2683 minus
729 2621 828 2701 recte,
851 2616 937 2683 haud
961 2620 1094 2702 gravate
1107 2618 1217 2683 'liberi
1240 2618 1308 2683 lau·

165 2725 259 2790 dator
277 2725 343 2790 oris
363 2724 570 2789 condonabis.
607 2723 703 2809 Vale,
722 2724 889 2789 carissime
909 2722 1123 2809 Harmina,
1146 2725 1196 2789 vir
1214 2724 1308 2790 laude

164 2854 237 2898 mea
259 2832 404 2918 qualibet
426 2832 543 2896 maior:
571 2834 762 2916 nostrasque
781 2831 916 2916 litteras,
941 2831 1026 2916 quod
1051 2852 1107 2915 per
1129 2835 1180 2896 tot
1203 2832 1308 2896 lustra

164 2939 285 3025 fecisti,
307 2962 372 3004 non
394 2938 539 3003 Dresdae
561 2942 704 3023 tantum,
727 2937 783 3003 sed
806 2938 1043 3023 perplurimos
1068 2959 1170 3003 annos
1195 2957 1307 3023 regere

164 3067 276 3130 perge:
304 3067 402 3130 perge
425 3046 508 3110 bene
531 3045 610 3110 mihi
634 3045 731 3128 velle,
755 3046 788 3108 et
811 3046 839 3108 si
862 3046 918 3130 qui
938 3045 1176 3130 philologorum
1200 3044 1306 3128 auspi-

165 3156 237 3215 cato
274 3169 343 3217 rvo
376 3151 594 3217 moderamine
627 3152 816 3217 laetantium
849 3151 929 3217 mihi
966 3152 1046 3216 bene
1079 3152 1202 3236 volent,
1233 3173 1305 3216 meo

164 3258 307 3342 nomine,
330 3258 359 3323 si
382 3258 431 3322 las
455 3262 505 3323 est
528 3262 648 3344 petere,
672 3259 787 3323 saluta.

253 3434 440 3501 scribebam
464 3436 598 3501 Bonnae
621 3437 649 3501 X
673 3434 759 3502 Kar.
784 3436 865 3500 Ocr.
889 3459 916 3500 a.
941 3453 1265 3504 c1o1occcxxxx1111.
