2962 5032
234 133 255 168 ι
510 127 774 178 uussunmours
798 127 1007 178 runvmuec.
1265 115 1331 181 295

275 270 301 338 G
341 269 488 338 ‘Codex
525 269 647 337 alter’
685 269 880 354 camerarii,
917 270 1189 339 ‘Decurtstus'
1226 275 1331 361 Persi,

163 383 316 464 praeter
342 378 404 444 hos
431 382 590 445 tractatus
619 401 638 449 a
666 377 819 461 Grutero,
851 377 1084 463 Rittershueio,
1117 377 1268 467 Scioppio
1297 386 1331 447 et

161 508 288 572 nuper
311 510 331 551 a
345 485 480 551 Bothio:
504 486 583 552 olim
606 485 831 569 bybliothecae
855 485 886 551 S.
901 484 1090 552 Gorbiniaui
1109 485 1329 575 Frisingensis

169 594 232 678 (id
264 593 349 677 quod
379 592 459 658 haec
489 593 524 657 in
554 593 714 677 principio
745 593 915 677 inscriptio
939 595 1093 657 testatur:
1131 592 1202 659 ‘lib
1225 596 1288 660 iste
1312 597 1423 661 cxxxi

173 702 236 767 [ce
259 700 369 766 marie.
398 701 421 766 b
449 700 592 766 scicorbi
619 698 766 787 frisig'),
797 701 882 765 uude
905 722 963 784 per
987 723 1066 785 quas
1089 701 1328 768 vicissitudines

175 809 226 874 ad
249 807 471 874 Camerarium
494 807 678 893 pervenerit
700 806 895 891 nescitur*):
919 830 984 872 una
1006 829 1078 872 cum
1093 806 1212 874 Vetere
1235 813 1267 874 et
1290 811 1329 875 de

174 915 279 982 liuius
301 913 476 980 heredibus
500 919 626 1000 emptus
651 920 684 980 et
706 915 741 979 in
763 914 984 980 Palatinam
1006 915 1117 980 illatus
1141 916 1249 999 ibique
1271 940 1328 982 nu-

185 1045 274 1090 mero
302 1023 386 1088 1613
414 1025 547 1088 notatus
571 1025 605 1087 et
628 1021 755 1106 direpta
777 1021 929 1087 Palatina
951 1022 985 1086 in
1008 1021 1202 1088 Vaticanum
1225 1026 1328 1088 bans·

184 1132 281 1212 lutus,
304 1128 360 1194 sed
383 1128 460 1193 hinc
482 1128 551 1194 sine
566 1127 685 1195 Vetere
704 1128 847 1194 Parisios
869 1128 1022 1213 abreptus
1047 1152 1130 1195 anno
1154 1130 1329 1215 superioris

188 1237 305 1303 saeculi
336 1254 530 1318 Lxxxxvn,
561 1234 659 1300 huius
694 1239 802 1300 autem
836 1257 863 1300 a
886 1253 934 1300 xv
972 1235 1200 1320 bybliothecae
1237 1236 1328 1302 Hei·

187 1342 475 1428 delbergensi
516 1342 696 1407 restitutus.
768 1339 915 1425 Scriptus
953 1344 1003 1407 est
1040 1343 1170 1408 saeculo
1193 1342 1257 1409 XII
1293 1345 1327 1409 in

189 1468 367 1518 ccxxxvnl
406 1448 604 1513 membranis
644 1448 769 1513 formae
807 1447 1003 1532 quadratae,
1047 1454 1154 1515 cetera
1190 1450 1328 1535 disparis

189 1557 397 1641 condicionis,
428 1578 564 1640 quarum
592 1555 697 1640 prima
724 1555 807 1620 nihil
835 1555 899 1619 nisi
927 1554 1111 1620 fabularum
1133 1555 1197 1620 XII
1220 1562 1327 1641 poste·

188 1665 316 1748 riorum,
339 1684 420 1746 quae
444 1663 534 1728 solae
552 1662 675 1746 insunt,
698 1661 837 1726 iudicem
856 1661 891 1726 in
909 1662 1030 1747 pagina
1047 1663 1153 1746 prima
1172 1665 1327 1749 scriptum

187 1776 281 1837 tenet
312 1769 461 1835 Videnda
483 1769 522 1833 de
546 1792 583 1836 eo
609 1791 691 1855 quae
710 1769 849 1833 diximus
868 1769 907 1833 de
925 1769 1001 1834 crisi
1016 1769 1120 1834 Plaut.
1138 1793 1169 1855 p.
1184 1771 1328 1857 514sqq.

189 1879 250 1944 535
265 1900 336 1962 sqq.
364 1878 422 1957 [=
446 1875 562 1961 Opusc.
590 1876 669 1960 phil.
693 1875 724 1940 II
754 1897 784 1959 p.
810 1876 872 1940 103
887 1897 957 1961 sqq.
988 1877 1050 1941 125
1065 1879 1158 1962 sqq.].
1203 1877 1328 1943 Ibidem

187 2008 214 2070 p.
239 1985 302 2050 163
318 2007 365 2068 sq.
389 1985 446 2064 [=
469 2006 500 2067 p.
526 1983 566 2047 12
581 1985 665 2068 sqq]
690 1982 785 2048 certis
815 1982 1015 2067 argumentis
1039 1983 1214 2068 docuimus,
1237 1985 1328 2068 prius

187 2114 280 2177 quam
303 2093 513 2157 decantaretur
535 2111 647 2155 omnes
670 2090 798 2155 fabulas
812 2089 873 2154 XX
893 2090 1094 2175 complexum
1118 2112 1197 2154 esse.
1227 2091 1328 2157 Manu

185 2222 241 2265 uec
269 2197 413 2283 eleganti
442 2196 581 2281 scriptus
609 2203 660 2261 est
686 2218 746 2262 nec
769 2195 894 2261 eadem:
928 2198 1097 2261 verborum
1121 2197 1328 2264 distinctione

186 2307 287 2372 multo
316 2305 415 2371 etiam
443 2325 541 2388 quam
570 2303 604 2367 in
626 2302 744 2367 Vetere
771 2303 985 2387 perversiore:
1017 2325 1168 2369 versuum
1196 2304 1327 2369 distinc

184 2414 283 2497 tione,
306 2411 371 2477 nisi
394 2411 505 2496 paucis
528 2411 560 2475 in
589 2409 714 2475 scaenis
737 2409 900 2496 iambicis,
932 2411 1029 2495 plane
1056 2411 1160 2476 nulla:
1192 2434 1327 2479 numero

185 2543 333 2586 versuum
366 2519 401 2583 in
433 2517 570 2602 singulis
597 2516 726 2602 paginis
760 2517 951 2601 plerumque
982 2535 1081 2581 xxvl:
1113 2539 1327 2602 personarum

185 2627 372 2694 nominibus
397 2647 468 2691 cum
492 2647 680 2690 scaenarum
703 2624 809 2690 initiis
832 2629 903 2689 tum
927 2624 1041 2689 mediis
1064 2625 1099 2689 in
1122 2624 1326 2690 sermonibus

186 2758 242 2820 per
265 2733 389 2823 primes
412 2730 524 2796 XVIII
548 2731 676 2797 fabulas
700 2731 849 2816 modicis,
881 2753 939 2816 per
961 2730 1185 2796 Trinummum
1208 2731 1327 2797 Trucu-

182 2843 370 2924 lentumque
389 2838 509 2922 paucis,
532 2839 588 2903 sed
606 2842 643 2903 ut
661 2860 763 2902 vacua
781 2839 971 2923 plerumque
991 2838 1099 2922 spatis
1117 2838 1233 2903 relicta
1251 2839 1326 2904 sint.

182 2947 229 3014 cf.
253 2947 294 3011 sd
318 2944 407 3010 Trin.
429 2967 459 3008 v.
481 2944 535 3010 45.
559 2944 623 3009 276
648 2947 813 3010 annotata.
858 2943 1005 3031 Denique
1035 2945 1178 3011 ordinem
1202 2946 1326 3012 fabula-

181 3076 252 3119 rum
282 3052 382 3117 semel
411 3073 528 3117 moneo
557 3073 629 3115 cum
655 3052 689 3115 in
713 3051 775 3116 hoc
797 3056 867 3116 tum
891 3053 995 3117 ineis
1019 3075 1099 3136 quos
1122 3053 1208 3117 infra
1231 3054 1326 3137 posui

181 3161 347 3228 codicibus
370 3159 506 3223 eundem
529 3180 624 3243 quem
645 3159 679 3222 in
702 3158 736 3222 B
760 3179 838 3222 esse.
853 3196 896 3204 -
919 3158 1001 3224 Mihi
1025 3148 1229 3224 autem'cum
1243 3160 1324 3225 Vrs-

180 3268 331 3334 tislaviae
354 3264 484 3350 degenti
507 3263 676 3330 Deeurtati
700 3265 828 3349 copiam
841 3263 1021 3329 Christiani
1035 3264 1166 3330 Baebrii
1189 3268 1325 3331 comitas

180 3374 322 3455 fecisset,
344 3372 406 3437 bac
429 3372 673 3456 opportunitate
697 3394 774 3437 usus
798 3371 957 3436 Emestus
981 3370 1193 3437 Schneiderus
1217 3373 1325 3438 claris·

181 3481 282 3547 simus
306 3480 432 3564 collega
456 3482 605 3544 accurato
630 3479 776 3563 exemplo
792 3476 915 3543 ‘Plauti
930 3478 1161 3544 Truculentum
1180 3501 1198 3543 e
1216 3478 1325 3544 codice

181 3586 452 3673 Heidelbergensi
475 3584 681 3671 expressam'
706 3585 805 3650 edidit
833 3607 859 3649 a.
884 3601 1162 3652 clo1occcxxmv.
1207 3585 1236 3651 Ε
1261 3608 1324 3671 quo

180 3694 260 3760 illud
285 3715 411 3779 quoque
436 3714 629 3779 cognoscere
652 3694 742 3776 licet,
768 3693 803 3757 in
827 3692 887 3757 hac
910 3691 1038 3776 fabula,
1061 3696 1094 3758 ct
1116 3693 1150 3757 in
1173 3691 1235 3758 bac
1258 3694 1324 3777 qui·

180 3801 252 3866 dem
281 3801 367 3885 sola,
399 3801 466 3866 sive
494 3800 601 3884 ipsum
629 3799 800 3865 librarium
829 3799 896 3863 sive
924 3799 1063 3884 aliquem
1087 3800 1243 3866 lectorem
1266 3801 1323 3865 ali·
1338 3828 1432 3870 xxm

180 3908 308 3993 quando
337 3908 480 3993 coepisse
509 3928 603 3973 veros
626 3928 778 3971 versuum
801 3907 1028 3972 Plautinorum
1052 3907 1157 3972 exitus
1182 3912 1215 3973 et
1236 3908 1324 3992 prin-

180 4015 266 4098 cipia
290 4014 488 4099 interposita
510 4012 655 4097 lineola]
675 4017 803 4078 notare:
826 4014 861 4077 in
884 4036 947 4099 quo
970 4017 1080 4079 tamen
1103 4014 1235 4081 consilio
1258 4037 1324 4081 non

269 4241 295 4312 ⁸)
315 4241 369 4314 [cf.
389 4242 489 4313 Opusc.
509 4242 579 4313 phil.
598 4243 624 4297 II
642 4261 669 4313 p.
690 4247 748 4298 104.
768 4243 808 4298 III
826 4261 853 4314 p.
872 4249 958 4313 sseq.
978 4242 1056 4315 adn]
