2962 5032
458 211 721 262 mmunnn10u1s
744 177 951 263 parvumne.
1211 197 1274 261 371

117 351 274 417 brociani
297 350 490 439 Veterisque
512 356 547 420 in
570 353 675 422 Stichi
699 378 795 447 versu
819 356 848 440 I,
872 357 907 440 3,
930 356 973 420 22
1002 355 1163 439 scriptura
1186 378 1275 440 prae·

120 457 221 523 stat?
265 457 333 524 Vbi
364 481 435 525 cum
463 461 497 527 in
520 460 584 528 01)
605 462 734 547 legatur
756 463 899 528 numeris
922 463 1020 528 nullis
1045 462 1177 546 Propter
1192 484 1275 546 parr-

115 571 276 648 pertatem
304 565 359 634 boc
384 569 460 633 adeo
482 589 592 634 nomen
614 571 748 653 repperi,
781 569 1043 654 elegantissimus
1067 591 1105 634 ex
1129 567 1200 633 AB
1223 569 1276 634 hic

123 674 309 739 versiculus
332 673 455 759 prodit:

276 815 414 902 Propte‘r
436 820 624 903 pauperiem
647 819 709 885 boc
733 822 813 886 adeo
836 841 955 886 nomen
977 822 1116 906 repperi.

123 958 279 1026 Concedo
302 959 385 1025 talia
408 982 535 1046 quoque
558 962 644 1047 apud
666 962 818 1030 Plautum
842 963 985 1048 reperiri,
1008 965 1102 1048 quale
1122 967 1171 1029 est
1192 965 1277 1029 ardet

124 1070 208 1131 ante
230 1071 460 1133 consonantem
484 1073 667 1154 correptum
687 1069 898 1157 (quamquam
917 1070 1034 1136 horum
1054 1093 1181 1156 quoque
1199 1093 1275 1155 pars

125 1172 232 1238 alium
256 1172 373 1258 potius
405 1174 604 1259 explicatum
636 1176 763 1263 habet):
798 1198 882 1262 nego
915 1178 1049 1261 reperiri
1077 1179 1111 1242 in
1140 1178 1274 1244 senariis

125 1279 279 1345 iambicis
308 1280 565 1367 septenariisque
594 1303 667 1347 cum
695 1282 869 1349 trochaicis
897 1288 965 1348 tum
996 1284 1157 1368 iambicis,
1190 1306 1275 1370 nego

128 1386 231 1451 etiam
254 1387 289 1451 in
312 1386 440 1452 creticis
463 1392 497 1453 et
518 1388 711 1455 bacchiacis.
751 1388 839 1455 Nam
862 1390 924 1454 hoc
948 1391 1051 1455 teneri
1075 1393 1203 1473 praeter
1226 1410 1275 1454 ce·

128 1498 204 1558 tera
226 1493 316 1578 volo,
342 1493 441 1558 nimis
464 1493 650 1580 neglectum
674 1518 694 1559 a
715 1495 894 1581 plerisque:
926 1497 1010 1561 nihil
1034 1497 1068 1562 in
1091 1495 1275 1581 indaganda

127 1600 283 1685 prosodia
295 1600 451 1666 Plautina
468 1601 582 1686 profici
601 1602 665 1667 nisi
684 1602 931 1688 diligentissime
951 1603 1037 1668 inter
1055 1626 1089 1668 se
1113 1603 1274 1669 distinctis

128 1710 308 1773 metrorum
338 1708 521 1794 generibus.
567 1707 619 1772 Ab
650 1709 781 1774 illorum
812 1711 912 1793 enim,
945 1732 1026 1794 quae
1051 1709 1130 1792 dixi,
1163 1731 1275 1774 severa

128 1814 347 1880 concinnitate
375 1815 438 1880 dici
459 1816 573 1901 nequit
594 1820 751 1901 quantum
776 1816 875 1882 distet
897 1839 970 1882 cum
994 1817 1275 1901 anapaesticorum

128 1925 200 1985 turn
233 1923 471 1987 octonariorum
504 1924 650 1988 omnium
682 1923 828 1988 licentia:
861 1924 895 1987 in
926 1923 1042 2008 quibus
1074 1945 1140 1989 non
1173 1944 1276 2007 pauca

128 2027 272 2093 admissa
295 2028 361 2093 sint
384 2051 404 2093 a
427 2029 628 2095 senariorum
652 2029 970 2115 septenariorumque
1000 2030 1162 2115 elegantia
1184 2051 1274 2113 pror·

128 2157 185 2200 sns
214 2134 431 2200 abhorrentia.
476 2133 561 2200 Huic
591 2139 699 2200 curtem
728 2137 864 2201 alteram
894 2136 1078 2202 cautionem
1111 2135 1274 2220 quandam

128 2240 308 2306 addendam
335 2240 441 2307 video:
473 2245 511 2306 ut
542 2263 598 2325 ne,
630 2241 716 2326 quod
744 2242 840 2307 certis
869 2242 1024 2326 exemplis
1052 2242 1175 2307 factum
1204 2263 1274 2307 esse

130 2349 269 2431 constet,
291 2345 332 2411 ad
355 2349 461 2412 totum
484 2369 586 2433 genus
611 2348 741 2433 aliquod
764 2348 901 2413 calidius
920 2347 1144 2432 transferatur,
1168 2347 1274 2433 qualis

128 2453 337 2519 ratiocinatio
362 2474 458 2539 saepe
481 2454 694 2519 fallacissima
716 2454 826 2518 futura
850 2455 907 2538 sit,
936 2454 992 2519 sed
1015 2454 1053 2518 de
1077 2455 1214 2540 singulis
1237 2458 1275 2519 ut

128 2565 163 2626 et
194 2563 370 2645 quaeratur
402 2559 594 2645 singillatim
628 2563 661 2625 et
693 2560 862 2644 speciatim
896 2561 1093 2626 decernatur.
1139 2560 1275 2627 Accedit

127 2667 262 2732 tertium
284 2666 380 2752 idque
403 2667 569 2733 subtilius:
592 2667 805 2751 reputandum
828 2671 879 2731 est
901 2667 986 2732 euim
1009 2688 1050 2730 ne
1073 2688 1111 2730 ca
1134 2665 1276 2752 quidem,
1288 2681 1378 2724 01111

129 2795 211 2858 quae
236 2773 313 2859 quia
336 2773 510 2859 aliquando
533 2772 621 2839 facta
644 2777 728 2859 suut,
751 2796 847 2860 posse
870 2773 941 2838 fieri
965 2773 1201 2839 concedendum
1221 2774 1273 2857 sit,

129 2879 298 2945 inferenda
321 2902 392 2946 esse
414 2880 581 2946 liberalius
606 2884 639 2945 et
661 2881 807 2965 cupidius
832 2880 1066 2964 amplectenda,
1088 2881 1144 2944 sed
1163 2880 1272 2964 potins

132 2986 265 3053 sublata
296 2987 492 3075 elegantiam
525 3010 734 3054 numerorum
773 2976 868 3072 sa'cpe
900 2987 1035 3051 mirifice
1073 3008 1203 3073 augere:
1240 2987 1273 3053 id

129 3093 215 3178 quod
237 3093 285 3160 ita
308 3117 388 3178 esse,
409 3095 471 3159 nisi
496 3094 551 3179 qui
574 3116 639 3159 non
663 3099 739 3159 sunt
762 3094 802 3158 ad
826 3094 972 3160 criticam
996 3097 1100 3159 artem
1122 3095 1273 3161 iactitan-

132 3199 206 3264 dam
229 3201 308 3285 nati,
331 3223 397 3266 non
420 3201 581 3286 ignorant

217 3305 280 3371 His
303 3307 406 3393 igitur
427 3307 625 3392 praemissis,
648 3307 765 3392 quibus
789 3308 896 3391 ipsum
920 3308 1044 3373 aditum
1067 3310 1191 3374 munire
1211 3308 1274 3374 dis-

128 3413 309 3497 putationis
333 3435 423 3479 meae
446 3413 547 3497 volui,
570 3419 608 3479 ut
630 3415 745 3480 ordine
768 3415 976 3498 progrediar,
998 3414 1141 3498 primum
1164 3414 1203 3477 de
1227 3414 1273 3479 eis

128 3520 444 3605 correptionibus
472 3521 591 3605 dicam,
622 3542 704 3605 quae
732 3521 772 3585 in
795 3520 935 3585 mediis
959 3519 1159 3585 vocabulis
1183 3522 1273 3585 fiunt.

129 3626 237 3712 Atque
261 3627 405 3693 omnium
427 3626 689 3712 frequentissime
712 3649 785 3691 cum
806 3629 934 3691 constet
952 3628 1038 3690 vitae
1057 3648 1118 3690 usu
1137 3626 1273 3691 detritas

128 3733 194 3798 ille
214 3735 285 3801 iste
306 3754 382 3801 esse
403 3754 522 3799 eccum
544 3734 675 3800 voculas
695 3734 825 3817 corripi,
843 3733 960 3816 quibus
980 3733 1148 3815 aliquanto
1167 3734 1273 3797 rarius

131 3846 315 3927 correptum
338 3844 418 3925 ipse
440 3842 563 3908 accedit
581 3838 632 3927 (ut
650 3865 679 3906 v.
694 3841 769 3906 901.
783 3841 858 3924 902,
881 3826 947 3905 nori
970 3835 1064 3924 928):
1088 3842 1197 3904 tamen
1221 3838 1273 3903 his

130 4070 194 4110 rara
212 4053 279 4123 tuit,
302 4053 476 4109 correctricis
499 4070 598 4109 manus
622 4070 708 4123 opera
725 4052 756 4107 in
773 4051 940 4123 refingendis
959 4048 1195 4118 resarciendisque
1213 4065 1274 4104 ver·

130 4141 205 4197 sibus
225 4144 399 4213 consumpta,
418 4159 506 4212 eaque
525 4157 558 4197 cx
577 4141 735 4210 antiquiore
754 4143 846 4197 aetate
865 4139 1018 4211 repetenda
1036 4155 1120 4207 qnam
1139 4156 1196 4207 qua
1213 4139 1273 4208 ipse

130 4229 280 4286 Bembinus
302 4230 375 4286 liber
397 4230 516 4301 scriptus
540 4233 593 4285 est:
627 4229 738 4300 longius
761 4231 855 4285 autem
879 4246 896 4284 a
919 4227 1089 4282 Terentiana
1110 4227 1273 4298 integritate

129 4318 290 4389 Bembinns,
310 4336 394 4388 quam
413 4336 431 4372 a
448 4320 579 4375 Plautina
598 4318 797 4374 Ambrosianus
816 4318 903 4373 abest.

1006 4405 1059 4461 tl*

259 4524 278 4562 a
