2926 5040
451 356 714 408 eununsrronrs
738 356 942 407 rnuvrrnsn.
1018 364 1021 371 ·
1211 335 1278 408 306

132 498 261 567 inimus
286 525 329 568 ex
349 501 528 569 Germania
549 505 667 569 allatus
692 509 786 581 esset,
810 524 867 567 suo
887 503 955 567 iure
976 501 1135 588 Georgius
1154 501 1279 568 Merula

132 608 232 689 potuit
250 609 289 674 in
308 611 513 694 praefatione
533 613 609 678 anni
630 628 874 679 cloccccnxxn
894 610 967 675 illas
986 610 1169 676 comoedias
1190 610 1278 696 ‘qua-

132 710 422 800 hagiutaabhinc
447 720 540 784 annis
564 717 726 804 repertas’
750 718 868 800 dicere,
897 739 963 782 non
986 739 1101 783 curans
1124 719 1276 802 pauculo-

133 836 198 884 rum
216 844 379 890 annorum
398 824 580 891 discrimen.
614 827 667 891 Ab
686 826 748 891 hoc
767 828 876 890 autem
895 825 1082 890 testimonio
1098 824 1277 909 profectum

141 926 443 997 eaacTunnnnlrvrr
459 932 658 998 Vnonnrvnr
682 935 827 1016 apparet,
851 933 906 1016 qui
930 932 965 996 in
989 932 1191 1016 praefatione
1214 932 1279 996 edi-

148 1030 230 1098 bnis
259 1035 448 1104 Parmensis
481 1063 509 1104 a.
537 1058 654 1106 cromx
687 1040 825 1104 emissae
858 1039 897 1102 de
926 1043 1073 1123 tempore
1105 1039 1278 1103 manifesto

154 1143 337 1209 consentiens
366 1145 452 1210 alius
480 1146 527 1210 rei
558 1146 749 1211 memoriam
773 1144 882 1229 paullo
907 1146 1148 1211 obscurioribus
1172 1147 1277 1210 verbis

160 1242 196 1310 li·
209 1248 390 1316 admiscuit:
415 1251 459 1317 ‘si
475 1254 576 1318 codici
592 1252 758 1317 meotides
778 1251 960 1317 adhibenda
975 1251 1123 1318 Basileae
1137 1255 1277 1336 ascripto

164 1364 256 1420 mvn
284 1357 404 1423 abhinc
433 1381 531 1424 anno:
570 1381 607 1422 ex
636 1381 674 1424 eo
708 1359 885 1442 exemplari
917 1380 934 1422 e
967 1380 1030 1442 quo
1062 1377 1113 1423 ΧΠ
1145 1359 1278 1424 ultimae

168 1463 315 1529 moadiae
343 1464 515 1530 Plautinae
548 1488 717 1531 emanasse
748 1465 921 1531 dicuntur?
966 1465 1003 1530 Id
1035 1488 1099 1550 quo
1132 1471 1277 1550 spectare

171 1564 289 1653 natur,
304 1571 436 1655 planius
454 1592 493 1635 er
512 1571 640 1636 Alberti
661 1572 700 1637 de
714 1572 787 1656 Eyb
802 1568 886 1656 (sive
900 1572 939 1636 de
953 1569 1094 1657 Eyben),
1113 1574 1277 1638 vernaculi

172 1665 328 1741 bendum
360 1678 565 1762 interpretis,
597 1679 784 1744 narratione
812 1678 1013 1763 intellegitur
1041 1700 1069 1742 a.
1099 1695 1277 1746 cloloxvul

174 1775 254 1846 aru
280 1785 474 1870 consignata
500 1806 539 1850 ac
565 1784 704 1850 fortasse
734 1808 800 1850 non
829 1785 958 1849 aliunde
986 1785 1049 1849 nisi
1078 1807 1116 1848 ex
1144 1784 1277 1870 Vgoleti

175 1886 332 1967 mistione
361 1890 478 1976 petita:
507 1890 622 1957 ‘Dicae
649 1891 793 1958 hernach
822 1893 931 1956 zwblff
956 1891 1185 1976 gescbriebene
1214 1889 1274 1957 Co·
1290 1901 1367 1941 XLIV

176 1992 282 2061 rnaben
304 1998 390 2062 seint
411 1998 507 2081 lange
535 1998 600 2062 neit
626 1998 689 2062 wol
718 1998 778 2081 bey
801 1997 1023 2062 flinffbundert
1046 1997 1179 2082 Jahren‚
1202 1999 1279 2065 oder

177 2096 241 2180 lrbr,
254 2103 423 2169 verlobren
441 2103 507 2168 und
526 2104 707 2189 verborgen
727 2123 887 2187 geweseu:
907 2102 972 2167 und
991 2105 1126 2170 newlich
1145 2107 1179 2171 iu
1198 2106 1277 2174 Con·

177 2200 224 2269 elio
240 2230 273 2273 zu
289 2208 388 2276 Basel
412 2209 511 2276 wider
534 2210 697 2295 gefunden
718 2209 868 2276 worden?
905 2209 1074 2275 Ficticium
1092 2211 1154 2278 hoc
1174 2236 1278 2299 omne,
1387 2232 1393 2238 ·

177 2326 327 2399 mquam
354 2338 398 2382 ne
420 2314 603 2383 Niebuhrio
631 2316 760 2402 quidem
784 2316 900 2401 Opusc.
923 2316 939 2381 Ι
963 2341 993 2402 p.
1020 2318 1081 2382 163
1105 2320 1277 2405 quicquam

177 2419 321 2501 milonis
349 2446 499 2489 morene:
527 2426 639 2490 fictum
669 2428 777 2489 autem
808 2424 849 2488 ab
879 2425 939 2507 cis,
967 2425 1118 2508 quicum
1142 2428 1277 2510 quadra·

177 2523 291 2602 aunum
318 2554 337 2594 a
365 2530 511 2595 Merulae
539 2531 741 2616 praefatione
771 2553 889 2596 annum
917 2531 1064 2595 viderent
1090 2533 1125 2596 in
1151 2533 1183 2596 id
1211 2535 1278 2599 fere

178 2628 264 2714 leupus
284 2636 432 2720 incidere,
456 2660 521 2723 quo
545 2637 718 2702 concilium
741 2637 928 2701 Basileense
952 2638 1101 2701 habitum
1126 2643 1212 2703 esset
1229 2645 1278 2703 tot

181 2737 280 2822 uliquis
307 2745 521 2827 scriptoribus
550 2744 689 2827 primum
713 2744 851 2826 repertis
876 2744 1016 2825 illustre,
1039 2743 1154 2809 horum
1178 2747 1278 2810 socie-

181 2838 224 2905 bte
239 2844 377 2914 Plautum
401 2872 529 2935 quoque
553 2856 585 2915 et
608 2849 699 2914 facili
722 2854 755 2913 et
778 2851 842 2914 levi
865 2852 1048 2915 coniectura
1072 2853 1278 2935 comprehen-

181 2940 260 3018 irent
298 2956 504 3022 Confidenter
539 2958 626 3022 enim
654 2957 796 3022 iudicare
825 2959 913 3040 licet,
941 2957 1025 3042 quod
1053 2981 1118 3023 non
1147 2982 1185 3025 ex
1214 2962 1278 3026 alio

181 3051 220 3118 lbi
233 3080 262 3124 ex
274 3061 448 3130 Vrsiniano
468 3065 612 3129 novicios
632 3064 732 3128 libros
753 3065 906 3129 oriundos
921 3086 991 3129 esse
1010 3065 1082 3148 ipsa
1101 3068 1279 3150 scripturae

182 3172 345 3249 eumenus
367 3172 497 3238 clamat.
544 3172 595 3236 Ita
619 3171 702 3255 quod
728 3195 755 3235 v.
780 3172 822 3236 56
847 3173 880 3237 iu
904 3173 1041 3237 noviciis
1064 3174 1157 3238 libris
1182 3197 1278 3258 prave

183 3260 262 3349 legitur
280 3278 446 3359 carrarias,
469 3278 502 3343 id
525 3278 598 3343 inde
622 3283 728 3342 ortum
754 3283 811 3355 est,
835 3280 919 3364 quod
939 3280 1077 3363 simplici
1096 3283 1230 3362 aasentias
1245 3284 1278 3347 iu

183 3377 260 3442 mol)
274 3386 523 3469 superscriptum
546 3389 597 3449 est
619 3387 663 3449 dc.
700 3385 751 3449 Ita
775 3391 943 3469 corruptae
968 3410 996 3452 v.
1015 3389 1080 3451 920
1101 3389 1278 3471 scripturae

185 3474 254 3559 bour
272 3510 302 3552 eo
317 3491 460 3574 presenti,
483 3492 609 3572 loqrrore
627 3494 655 3556 ei
671 3493 828 3573 praesenti
847 3493 1004 3577 originem
1025 3518 1041 3557 e
1062 3516 1095 3558 re
1115 3494 1280 3558 levissima

185 3579 223 3649 be
240 3592 394 3681 luxerunt,
421 3599 506 3683 quod
535 3622 608 3665 cum
641 3601 750 3682 loquor
776 3600 910 3682 eoplcnli
938 3603 988 3665 vel
1018 3604 1141 3684 loquore
1164 3602 1279 3679 obserati

186 3685 228 3756 ΒΟ
243 3697 379 3787 habeant,
407 3705 500 3769 exilis
533 3706 653 3770 lineola
682 3729 852 3791 perperam
883 3710 1020 3773 accessit
1050 3710 1082 3772 iu
1113 3708 1147 3772 D
1170 3709 1278 3788 loqruu·

187 3805 308 3887 miserti,
333 3833 429 3894 quam
458 3813 536 3878 adeo
567 3814 707 3877 servavit
728 3814 769 3877 F.
814 3812 903 3879 ldem
927 3816 962 3878 F
981 3815 1066 3899 quod
1090 3838 1119 3879 v.
1143 3815 1207 3877 929
1232 3815 1278 3876 in-

187 3899 286 3983 sllmlo
305 3918 440 4002 exhibet,
464 3921 566 3984 solam
591 3920 689 3984 habet
712 3920 797 3986 hanc
815 3942 972 4004 caussam,
996 3922 1079 4005 quod
1098 3921 1278 4004 proficisce-

188 4004 251 4079 ΜΗ
271 4044 286 4086 a
309 4025 423 4090 calami
451 4048 558 4091 errore
591 4049 654 4111 quo
687 4028 720 4091 iu
749 4027 784 4091 Ι)
813 4029 1004 4109 insipientior
1034 4029 1191 4111 scriptum
1220 4050 1279 4111 pro

187 4111 339 4201 baara.
382 4132 538 4197 eiusdem
566 4134 688 4198 uuraru
718 4156 824 4199 errore
854 4156 925 4199 cum
955 4158 982 4200 v.
1006 4136 1072 4199 450
1101 4136 1134 4198 in
1164 4133 1196 4197 n
1218 4134 1280 4215 sau

186 4240 273 4294 “tren
290 4239 423 4318 positum
447 4244 533 4304 esset
555 4262 614 4323 pro
637 4261 764 4304 aaaron
785 4240 853 4322 sila,
876 4241 1026 4323 neglecta
1049 4264 1087 4304 ea
1105 4245 1193 4321 nota,
1216 4263 1280 4325 qua

185 4324 222 4394 ille
239 4356 356 4407 errorem
383 4347 452 4430 ipse
476 4347 680 4427 correxisset,
710 4369 828 4430 pravus
857 4348 935 4411 ordo
959 4348 993 4410 in
1016 4349 1119 4412 ΕΜ
1141 4350 1280 4414 transiit.

185 4428 329 4511 Consimilis
350 4453 440 4536 origo
463 4454 592 4519 horum:
615 4475 776 4534 scurronum
801 4478 828 4518 v.
851 4456 925 4536 336,
948 4475 1068 4544 utraqu(
1083 4459 1126 4522 in
1154 4458 1185 4522 Z
1206 4458 1279 4539 341,

219 4560 251 4596 rr.
267 4565 399 4609 aurcueuu
420 4576 556 4610 orvsovue
577 4576 601 4609 r.
1031 4566 1066 4615 20
