2962 5032
557 337 788 386 nnrnnusons
811 339 939 386 annas.
1253 320 1316 385 637

165 480 358 547 scholastici
384 485 494 565 partes
518 481 745 566 gravissimam
766 504 843 546 sane
867 487 900 545 et
921 481 1118 566 praeclaram
1144 481 1267 545 habent
1285 482 1319 545 in

165 611 200 653 sc
229 589 320 673 ipsae
351 589 678 672 commendationem,
707 590 769 653 etsi
798 611 836 653 ex
865 589 1097 653 subolescentis
1128 589 1246 652 aetatis
1278 587 1317 652 ad

165 696 403 761 humanitatem
418 694 648 759 informatione
662 695 812 779 voluptas
828 716 954 778 quoque
970 695 1146 778 percipitur
1159 693 1317 757 honestis·

164 804 263 868 sima:
301 807 408 866 tamen
432 801 512 867 haec
542 802 647 866 omnis
677 801 892 885 praestantia,
920 802 1038 886 quippe
1067 822 1148 883 quae
1179 822 1195 865 e
1227 799 1316 863 boni·

165 911 246 975 tatis
272 914 305 974 et
328 910 459 973 virtutis
484 909 617 973 notione
642 914 818 992 censeatur,
842 909 882 973 ad
902 909 1044 973 animum
1065 913 1097 972 et
1116 929 1221 971 mores
1246 929 1317 990 per-

165 1017 264 1100 tinet,
288 1037 352 1081 non
383 1017 525 1099 pertinet
547 1015 588 1079 ad
612 1020 766 1097 mentem,
793 1037 874 1098 quae
902 1015 992 1080 fonte
1015 1013 1124 1078 divino
1148 1016 1318 1097 prognata,

164 1133 201 1188 ut
224 1123 367 1188 divinam
403 1122 546 1186 indolem
575 1120 745 1185 nutriendo
770 1121 819 1184 sui
843 1121 981 1185 similior
1003 1123 1074 1206 fiat,
1103 1120 1316 1185 vehementis-

166 1231 250 1294 simo
270 1228 376 1294 studio
404 1228 471 1292 veri
491 1227 707 1312 investigandi
727 1250 854 1292 summo
869 1231 1003 1292 naturae
1021 1227 1176 1292 beneficio
1197 1227 1319 1291 donata

166 1340 225 1402 est
264 1334 351 1399 Huic
373 1338 482 1398 autem
501 1334 619 1416 studio,
642 1334 741 1398 insito
761 1334 942 1416 unicuique,
965 1334 1021 1417 qui
1040 1334 1083 1397 sit
1100 1335 1210 1418 paullo
1235 1355 1317 1397 erec-

166 1442 259 1507 tioris
287 1440 424 1526 ingenii,
462 1440 556 1505 facile
585 1440 789 1525 intellegitur
814 1461 880 1503 uon
907 1460 1004 1522 posse
1032 1461 1069 1503 ea
1097 1440 1183 1504 vitae
1210 1437 1317 1503 condi·

166 1551 259 1615 cione
279 1547 442 1631 satisfieri,
467 1569 549 1632 quae
571 1547 611 1612 ad
635 1569 728 1611 usum
753 1567 953 1611 communem
975 1550 1099 1631 spectat
1121 1546 1237 1629 solum,
1261 1544 1317 1609 sed

166 1660 255 1722 certo
283 1676 401 1740 genere
432 1654 571 1738 quodam
599 1654 779 1719 litterarum
808 1674 889 1735 opus
923 1673 992 1717 esse
1020 1653 1087 1717 sive
1117 1650 1317 1736 philosophi-

167 1755 277 1828 carum
297 1761 363 1826 sive
387 1760 615 1826 historicarum
640 1760 784 1845 (quando
802 1758 853 1823 his
873 1758 996 1824 duabus
1016 1759 1162 1844 partibus
1183 1758 1316 1822 scientia

167 1869 311 1934 humana
327 1867 432 1932 omnis
448 1864 755 1951 comprehenditur),
774 1866 859 1950 quod
875 1867 1005 1950 quidem
1019 1886 1132 1952 genus,
1155 1890 1176 1930 a
1198 1885 1316 1950 cogna-

167 1976 211 2041 tis
237 1975 411 2059 generibus
435 1974 627 2039 necessariis
651 1973 809 2038 limitibus
829 1973 1103 2056 discriminatum,
1130 1973 1164 2037 in
1188 1995 1221 2037 se
1245 1973 1316 2056 ipso

167 2087 202 2147 et
227 2080 424 2166 principium
454 2085 486 2146 et
513 2080 611 2144 finem
634 2079 754 2144 habeat
776 2100 884 2164 suum,
913 2080 973 2163 vel,
998 2083 1035 2143 ut
1057 2101 1130 2143 cum
1154 2079 1316 2144 veteribus

166 2192 298 2275 loquar,
327 2188 407 2254 artis
436 2188 574 2253 formam
602 2192 634 2250 et
662 2187 886 2252 necessitatem
915 2208 992 2270 prae
1023 2208 1057 2250 se
1080 2186 1175 2250 ferat,
1219 2185 1314 2249 Elius·

166 2297 387 2361 mediantem
415 2317 468 2359 ers
492 2293 648 2378 quaedem
672 2294 731 2358 illa
759 2298 810 2358 est
836 2293 1048 2378 philologica,
1076 2294 1127 2357 cui
1160 2314 1230 2356 sese
1262 2292 1316 2355 de·

167 2403 243 2467 dere
261 2402 417 2485 videmus,
443 2406 659 2485 quotcumque
679 2405 824 2465 veterum
847 2400 1032 2484 linguarum
1056 2399 1204 2463 doctores
1223 2397 1315 2463 scho-

166 2509 273 2574 lastici
293 2531 328 2572 se
345 2529 458 2592 sapere
477 2530 574 2592 supra
595 2509 711 2593 vulgus
731 2509 844 2572 volunt
861 2506 971 2591 fruges
987 2526 1176 2571 consumere
1190 2508 1314 2569 natum.

168 2615 278 2700 neque
301 2615 349 2679 ita
368 2613 506 2698 demum,
525 2615 710 2679 consociata
728 2637 801 2679 cum
821 2614 1007 2679 scholastici
1026 2613 1208 2698 magisterii
1222 2634 1316 2697 prae·

167 2722 241 2787 miis
275 2726 402 2786 strenue
434 2726 604 2806 perceptae
637 2722 717 2787 artis
750 2721 931 2804 voluptate,
960 2742 1035 2783 vera
1062 2719 1119 2783 illa
1146 2719 1314 2784 beatitudo

168 2829 327 2910 nascitur,
360 2849 456 2912 quam
485 2827 639 2912 bipertita
666 2832 783 2892 natura
812 2826 929 2890 indolis
957 2825 1117 2890 humanae
1145 2826 1315 2911 efflagitat.

257 2932 351 2999 Nunc
389 2937 506 3011 antem,
542 2940 717 3019 postquam
749 2934 980 3018 praest'tntum
1017 2933 1159 3018 spatium
1192 2934 1313 2998 emensi

168 3063 297 3125 sumus,
338 3040 489 3105 conducit
530 3040 671 3124 reliquas
713 3039 900 3123 disciplinas
937 3040 1197 3124 circumspicere,
1237 3063 1314 3104 num

167 3150 266 3232 forte,
293 3169 374 3233 qnae
403 3147 507 3212 adhuc
537 3146 774 3230 exploravimus
802 3147 940 3212 rationis
964 3147 1175 3231 necessitate,
1208 3169 1312 3212 exem-

168 3257 296 3341 plorum
333 3254 575 3339 comparatione
617 3253 854 3318 collustrantur.
910 3254 938 3318 E
977 3255 1094 3339 quibus
1132 3254 1313 3338 disciplinis

166 3363 259 3427 nulla
295 3365 358 3445 est,
395 3382 476 3445 quae
513 3361 631 3425 rectius
668 3382 740 3424 cum
773 3361 953 3446 philologia
986 3361 1185 3444 conferatur,
1218 3384 1314 3446 quam

168 3467 343 3553 theologia
388 3466 500 3531 Monet
527 3467 621 3549 hora,
648 3470 684 3530 ut
713 3467 900 3531 summatim
928 3468 1041 3533 dicam.
1088 3467 1134 3530 Et
1162 3469 1232 3551 quis
1257 3473 1315 3550 est,

167 3574 245 3659 quin
281 3574 497 3658 persentiscat
534 3573 734 3639 consimilem
770 3573 992 3638 condicionem
1025 3596 1150 3656 eorum,
1189 3574 1243 3657 qui
1281 3575 1314 3637 in

168 3680 231 3746 hoc
254 3681 358 3745 vitam
381 3683 584 3763 consumunt,
608 3687 644 3743 ut
663 3685 812 3744 aeternae
832 3681 928 3745 saluti
948 3681 1182 3764 prospicientes
1202 3680 1242 3743 ad
1261 3679 1313 3744 dei

169 3789 284 3873 optimi
314 3786 446 3852 maximi
476 3809 634 3870 amorem,
664 3785 704 3850 ad
732 3809 858 3852 morum
887 3789 1149 3870 sanctimoniam,
1179 3786 1314 3871 denique

170 3894 210 3957 ad
240 3894 408 3979 religionis
436 3895 588 3978 pietatem
620 3913 722 3978 genus
751 3895 928 3959 humanum
952 3894 1128 3960 informent
1151 3899 1219 3959 tam
1242 3918 1313 3978 pro-

170 4002 254 4066 fecto
291 4000 491 4086 populariter
523 4005 557 4065 et
589 4001 627 4065 ad
668 4023 869 4066 communem
903 4005 1033 4085 captum
1067 3999 1315 4083 accommodate,

169 4112 237 4172 tam
263 4108 434 4193 neglectis,
463 4112 499 4170 ut
522 4111 572 4171 est
596 4113 862 4191 consentaneum,
891 4108 1150 4192 theologicarum
1174 4107 1313 4192 discipli-

169 4237 285 4279 narum
315 4213 418 4298 copiis
448 4237 484 4277 ac
514 4214 704 4296 luminibus,
734 4219 784 4296 ut,
815 4235 870 4277 cur
902 4199 1032 4279 tandem
1064 4215 1097 4278 in
1130 4215 1189 4279 has
1221 4218 1313 4278 tanto

171 4342 267 4405 opere
282 4319 530 4384 incumbendum
552 4321 603 4403 sit,
622 4343 737 4404 parum
754 4321 940 4403 perspicias,
959 4322 1021 4384 nisi
1038 4322 1167 4405 quidem
1182 4341 1314 4403 poscere

169 4426 229 4491 hoc
258 4426 399 4490 divinam
428 4426 568 4490 indolem
597 4426 696 4490 animi
724 4427 857 4490 humani
887 4427 1085 4512 memineris,
1116 4432 1152 4490 ut
1182 4426 1222 4489 ab
1251 4426 1312 4490 hec
