2962 5032
492 224 757 273 suasnsrrours
782 225 990 273 susurrans.
1253 207 1317 271 397

160 363 396 452 aenaeam)
424 362 514 452 (nam
541 367 581 432 de
607 373 758 433 retractate
785 368 883 434 Poen.
911 367 973 451 ΠΙ,
1000 367 1031 451 3,
1058 367 1100 432 87
1129 359 1233 432 babeo
1261 387 1320 431 cur

162 492 371 558 magnopere
389 470 558 559 dubitem).
597 472 666 540 Nee
683 474 857 540 verendum
876 479 928 540 est
944 495 985 538 ne
1005 474 1076 558 quis
1094 474 1320 538 iuventutem

163 583 325 663 opponat,
347 579 382 642 in
405 600 468 663 qno
491 583 627 664 propter
650 581 888 666 singularem
911 603 929 644 o
952 580 1113 645 litterae
1136 584 1318 644 naturam

165 686 206 750 in
236 708 334 751 unam
360 687 484 770 primae
512 687 660 771 syllabae
688 689 874 754 coalescunt
901 691 938 751 ut
967 687 1001 751 in
1030 687 1229 772 pervulgatis
1253 686 1319 750 illia

164 813 305 857 narsem
324 789 428 875 (Trin.
442 792 587 881 835³»,
606 793 797 880 boues***),
815 796 911 872 caia,
930 793 1071 877 Iouem,
1089 815 1197 878 nouo,
1216 794 1320 858 breui
1333 814 1397 857 orm

263 1058 289 1125 ²)
310 1057 363 1126 [Ex
390 1056 564 1112 Adtendis
592 1075 618 1127 p.
639 1070 792 1112 cocxxvn:
827 1058 997 1128 ‘potestatem
1017 1057 1142 1113 simodo
1161 1060 1319 1128 correptam

168 1144 543 1215 antepaenultimamCapt.
564 1144 641 1214 V,1‚
662 1151 693 1199 13
717 1145 833 1213 habeat,
861 1144 892 1199 id
918 1146 1029 1201 tantum
1056 1145 1131 1199 absit
1155 1147 1188 1199 ut
1212 1150 1321 1202 evertat

167 1234 278 1304 legem,
296 1238 329 1290 ut
347 1235 493 1291 confirmet
510 1233 617 1303 potius:
638 1234 750 1303 quando
769 1233 875 1290 usitata
892 1235 921 1289 in
935 1231 1028 1304 potist
1045 1233 1160 1288 licentia
1176 1233 1270 1304 potuit
1283 1234 1320 1290 ad

112 1307 114 1315 ’
166 1327 325 1393 cognatam
348 1323 518 1379 substantivi
539 1323 660 1378 formam
683 1324 840 1378 transferri:
864 1323 995 1379 similiter
1017 1326 1102 1392 atque
1125 1340 1142 1375 a
1164 1339 1262 1378 maaser
1284 1323 1321 1378 ad

166 1413 308 1466 minister.
340 1412 515 1481 Quamquam
534 1428 587 1482 ego
604 1429 661 1467 non
679 1413 734 1467 hoc
752 1412 870 1467 artifieio
889 1415 953 1467 utar
971 1413 1072 1482 potius,
1091 1428 1173 1481 quam
1193 1402 1243 1466 a'ut
1257 1428 1319 1466 cum

168 1499 240 1554 aliis
259 1499 348 1554 eiecto
366 1517 424 1554 eam
442 1499 606 1569 pronomine
626 1499 666 1554 sic
684 1500 816 1555 scribam:

249 1590 345 1658 Pater,
372 1592 401 1644 et
423 1589 540 1659 poteris:
570 1591 598 1644 et
622 1605 675 1659 ego
699 1591 811 1658 potero:
838 1593 867 1644 et
893 1589 923 1643 dl
940 1591 1110 1659 potestatem
1133 1589 1253 1657 dabunt,
1324 1616 1328 1622 ·

171 1680 231 1734 aut
249 1680 390 1734 servatum
413 1678 453 1734 sic
476 1681 671 1749 transponam:
690 1679 721 1733 di
739 1683 898 1748 potestatem
916 1696 974 1733 eam
992 1680 1106 1734 dabant.
1142 1677 1183 1733 Ac
1201 1678 1320 1733 fortasse

170 1768 357 1823 substantiva
378 1767 429 1822 illa
451 1767 481 1822 in
503 1774 574 1823 estas
597 1767 728 1823 exeuntia
752 1768 846 1823 omnia
864 1784 878 1822 e
895 1769 1022 1824 vocalem
1045 1768 1204 1824 habueruut
1221 1770 1323 1823 natura

172 1858 309 1928 longam,
331 1856 361 1911 id
384 1856 461 1926 quod
477 1856 507 1911 in
525 1862 628 1926 apertae
645 1874 747 1912 nomen
769 1857 868 1913 eadere
887 1858 955 1913 satis
974 1857 1143 1929 persuadent
1160 1874 1242 1928 spere,
1265 1872 1320 1926 eye·

170 1962 233 2001 aare
251 1944 392 2017 termae.']
551 2018 554 2024 Ι

248 2035 289 2104 ”)
309 2035 352 2106 [Ιιι
370 2034 413 2089 ed.
434 2034 482 2089 alt
503 2036 680 2089 circumstant
698 2052 797 2089 naama
817 2035 986 2091 Ritschelius
1006 2036 1119 2105 scripsit
1137 2054 1187 2106 pro
1207 2037 1321 2091 circam·

171 2126 292 2181 stabam
308 2141 406 2179 acam
425 2127 534 2191 (nomm
552 2125 765 2179 circumstabant
783 2125 812 2180 in
830 2125 1009 2196 praeedosi).]

230 2213 288 2282 W)
306 2212 531 2282 hlonosyllabum
545 2214 643 2269 hoacs
657 2216 783 2284 praestat
796 2212 898 2269 Pseud.
911 2215 960 2283 111,
974 2220 1000 2282 2,
1014 2221 1063 2270 23:
1078 2244 1112 2254 -
1126 2213 1195 2268 item
1209 2212 1271 2267 Aul.
1288 2213 1323 2281 ll,

169 2311 203 2372 2,
223 2309 268 2370 57,
286 2301 335 2372 qni
353 2302 393 2357 sio
412 2301 574 2358 scribendus
592 2305 636 2358 est
653 2321 709 2358 una
726 2320 790 2359 cum
808 2304 948 2374 proximo:

286 2383 366 2465 A'sini
384 2409 524 2465 mordicus
541 2426 585 2464 me
605 2409 742 2480 scindant,
761 2401 848 2466 bbues
865 2410 1008 2465 incursent
1027 2409 1170 2465 cdmibus:

283 2499 344 2555 Hoc
362 2500 522 2569 magnumst
540 2500 673 2570 periclum
693 2500 729 2554 ab
748 2499 833 2555 asinis
852 2516 896 2554 me
916 2499 953 2554 td
966 2500 1053 2555 boues
1066 2497 1276 2554 transcendere:
1288 2527 1321 2537 -

168 2591 249 2646 item
267 2589 368 2644 Persae
387 2587 422 2656 ΙΙ,
442 2593 467 2657 3,
487 2593 528 2655 10,
547 2588 658 2644 adiecta
677 2589 789 2644 demum
808 2589 917 2658 syllaba
935 2588 1057 2659 integer:

284 2703 357 2759 Nam
380 2720 433 2775 ego
452 2703 506 2759 hoo
525 2697 671 2773 argentum
690 2703 760 2759 alibi
778 2704 890 2760 abutar:
914 2694 1001 2761 bbues
1024 2721 1095 2774 quos
1117 2719 1247 2769 emerem,
1267 2703 1323 2755 utu

1031 2795 1112 2848 erant

175 2883 241 2954 (vel
258 2882 335 2936 No'm
352 2883 401 2936 hoc
419 2886 561 2951 arpentum
580 2898 627 2951 spo
646 2882 733 2952 [Nam
756 2883 805 2937 boc
823 2889 965 2952 arpentum
984 2885 1042 2937 iam
1059 2881 1089 2937 in
1107 2881 1268 2953 editione]):
1288 2911 1322 2920 —

177 2971 301 3041 denique
319 2970 445 3026 eiusdem
463 2986 580 3025 scaenae
599 2988 624 3024 ι.
645 2976 670 3039 7,
688 2986 772 3039 quem
791 2971 830 3025 sic
849 2972 1091 3027 reconcinnamus:

286 3060 358 3116 Nam
377 3062 441 3115 erus
459 3075 538 3113 mens
556 3044 695 3113 Eretriam
714 3076 759 3114 me
777 3059 862 3128 misit,
881 3060 1004 3117 dtmitos
1022 3061 1109 3116 boues
1128 3063 1160 3115 ut
1178 3058 1232 3114 stbi
1250 3075 1322 3113 mer·

1031 3141 1110 3206 oarer

176 3257 235 3326 (vel
252 3257 328 3337 llam
345 3271 408 3311 cras
425 3255 591 3324 Eretriam:
616 3255 726 3325 quando
746 3228 886 3311 llrariam
904 3257 1089 3327 pronuntiari,
1103 3272 1157 3311 non
1173 3256 1322 3323 Eretriam,

175 3343 298 3402 stratio
317 3346 346 3399 et
362 3344 533 3400 consuetudo
552 3343 641 3414 iubet,
659 3346 690 3399 ut
708 3344 812 3400 iactum
831 3346 876 3400 est
893 3346 928 3415 11,
947 3351 972 3416 5,
992 3352 1039 3401 22:

286 3433 366 3488 Nunc
384 3432 424 3488 mi
442 3417 553 3488 Eretria
571 3433 625 3489 erit
643 3434 712 3489 haec
731 3436 782 3488 tria
800 3433 906 3488 domus.
925 3434 1016 3489 Nimis
1035 3437 1067 3490 td
1086 3434 1176 3490 facete
1194 3435 1323 3503 ltquere:

178 3525 267 3592 atque
295 3522 380 3578 etiam
409 3522 493 3577 Mero.
513 3522 561 3590 Ill,
580 3529 605 3591 4,
625 3529 668 3590 61,
695 3522 748 3577 uisi
775 3523 849 3591 quod
876 3522 996 3578 vitiosus
1023 3525 1063 3579 ibi
1086 3524 1180 3579 hiatus
1205 3524 1325 3592 Megara

176 3613 321 3666 Eretriam
340 3613 389 3666 aut
406 3611 585 3680 transpositis
603 3611 760 3665 nominibus
778 3610 920 3665 tollendus
939 3615 994 3667 est:

285 3701 401 3770 Megara
419 3699 567 3769 Sicyonem
587 3699 751 3755 Corinthum
771 3699 933 3755 chalcidem
952 3700 1064 3756 Cretam
1083 3701 1204 3770 Cyprum

286 3774 424 3844 Eretriam
443 3789 562 3844 Cnidrim
582 3790 755 3858 Zacynthum
774 3790 931 3845 Lesbumne
950 3806 987 3843 an
1006 3788 1152 3844 Boeotiam

178 3883 247 3946 (non
265 3879 377 3937 videtur
396 3878 471 3933 enim
486 3879 612 3933 lesbiam
630 3879 676 3934 vel
690 3879 818 3935 Lesbiam
832 3898 870 3934 aa
888 3878 1000 3935 defendi
1018 3882 1121 3949 posse),
1139 3883 1189 3935 aut
1206 3878 1325 3934 tortasse

176 3968 284 4023 rariore
307 3968 435 4023 formae
458 3967 593 4023 librorum
618 3967 743 4039 vestigiis
762 3968 875 4040 Mepare
897 3970 1045 4037 sesamam,
1064 3984 1170 4037 ruspare
1187 3969 1325 4035 feretriam

177 4059 260 4112 eruta
277 4057 308 4112 in
326 4058 400 4113 hanc
418 4057 544 4112 modumr

287 4145 412 4217 Magarsa
430 4145 569 4200 Eretritsm
589 4145 752 4201 Corinthum
771 4146 820 4203 Ch.
841 4146 883 4202 Cr.
904 4147 934 4203 C.

288 4233 434 4304 Sicyonem
454 4251 475 4290 e.
494 4252 519 4303 q.
538 4252 570 4302 a,

178 4324 225 4380 cui
252 4323 360 4380 formae
391 4340 448 4378 uon
475 4323 617 4379 mediocre
648 4323 818 4394 praesidium
846 4324 977 4380 Plautino
1011 4323 1136 4380 ablativo
1163 4325 1327 4395 Meqambas
