2962 5032
417 329 489 376 nvo
512 328 774 387 ruoeuuuuaru
799 328 983 376 rsuvrruu.
1127 367 1130 372 .
1204 310 1269 375 553

127 475 201 538 dem
220 494 279 558 pro
298 469 394 536 virili'
407 474 509 556 parte,
533 473 587 536 sed
611 470 746 537 eandem
769 494 835 537 uon
858 474 1039 536 enarratam
1064 471 1172 555 potius
1195 469 1269 534 ube-

128 580 214 644 riore
229 578 477 644 ratiocinatione
491 600 587 662 quam
602 554 692 642 brevi
711 577 848 642 fontium
868 577 987 643 indicio
1006 578 1053 641 ita
1072 577 1270 660 adnotatam,

130 727 220 732 --...-.-
229 727 256 732 -—
269 725 340 732 -.-.

128 809 195 844 num
214 791 337 846 rationes
356 788 495 844 vobismet
512 789 578 859 ipsis
597 789 797 843 committimus
816 788 999 859 indagandas.
1033 789 1064 841 In
1083 805 1138 858 qno
1157 787 1270 856 quidem

128 880 243 950 negotio
266 897 321 934 non
341 880 400 935 sine
419 880 515 948 aliquo
534 895 662 934 successu
682 879 878 948 elaborabitis,
906 878 930 932 si
949 880 978 933 et
996 877 1118 948 exempli
1136 875 1269 931 memine-

128 969 204 1037 ritis,
232 969 307 1037 quod
329 968 541 1039 interpretanda
558 968 721 1024 Trinummo
744 968 852 1023 duobus
876 970 941 1023 ante
966 966 1046 1026 annis
1064 965 1270 1037 proposuimus,

129 1061 159 1113 et
176 1075 210 1113 ea
229 1059 380 1129 praecepta
398 1057 434 1110 ad
452 1056 531 1111 illam
550 1055 648 1118 Militis
667 1072 797 1111 scaenam
816 1054 1072 1123 accommodaritis,
1095 1053 1195 1123 quibua
1219 1053 1270 1107 cri·

129 1148 215 1203 ticam
234 1150 324 1203 artem
344 1163 454 1203 omnem
469 1147 498 1199 et
511 1144 749 1200 hermenenticam
765 1143 901 1199 contineri
915 1161 965 1213 per
979 1143 1134 1213 proximam
1149 1143 1271 1197 hiemem

129 1237 281 1293 docuimus.
318 1237 377 1291 Nec
402 1239 497 1291 tamen
523 1235 552 1289 id
577 1234 638 1288 fieri
661 1234 720 1288 sine
745 1233 824 1289 brevi
848 1232 994 1288 notatione
1018 1232 1115 1287 critica
1137 1232 1271 1303 potuerit,

130 1343 193 1395 qua,
213 1325 280 1394 qnid
298 1342 409 1395 qnoque
427 1325 490 1380 loco
509 1322 594 1378 dubio
612 1323 747 1392 scriptum
765 1321 831 1376 libri
850 1324 973 1390 teneant,
992 1338 1061 1391 quos
1075 1321 1197 1376 sinceros
1211 1321 1271 1375 fon·

129 1418 172 1469 tes
201 1413 382 1484 cognovimns
410 1412 604 1469 Plautinarum
631 1412 803 1481 fabularum,
830 1411 972 1467 vobiscum
1001 1408 1271 1465 communicarimus.

129 1503 275 1558 Eiusmodi
294 1502 381 1558 libros
400 1519 464 1559 mss.
484 1500 649 1557 meministis
667 1503 724 1555 tres
743 1504 864 1556 exstare:
888 1499 1104 1554 Ambrosianum
1123 1498 1271 1570 palimpse-

130 1595 205 1645 stum
224 1593 277 1661 (c),
306 1594 335 1645 et
360 1590 408 1661 qui
433 1592 575 1646 communi
592 1590 784 1646 Palatinorum
810 1588 856 1644 vel
875 1588 1133 1644 Camerarianorum
1158 1587 1271 1643 nomine

130 1679 415 1749 comprehenduntur,
443 1680 573 1735 Veterem
593 1679 724 1735 Codicem
742 1696 815 1734 nunc
834 1679 1003 1734 Vaticanum
1022 1681 1059 1746 (β)
1078 1678 1272 1732 Decurtatum·

130 1787 185 1838 que
204 1768 468 1839 Heidelbergensem
489 1772 535 1840 (γ).
572 1770 645 1823 Nam
669 1769 716 1838 qui
735 1770 881 1839 praeterea
898 1786 954 1823 non
972 1768 1074 1838 exiguo
1094 1783 1209 1822 numero
1229 1782 1272 1820 co·

130 1858 207 1913 dices
225 1857 349 1913 Plautini
368 1859 480 1913 exstant
496 1857 608 1914 fabulas
626 1859 677 1913 XII
697 1857 864 1928 posteriores
884 1857 1114 1927 complectentes,
1138 1853 1168 1908 bi
1188 1856 1272 1909 ante

131 1946 243 2002 novicia
269 1947 429 2002 recensione
457 1946 621 2016 prodierunt
647 1963 699 2001 nec
727 1946 815 2000 ullam
843 1946 1041 2000 auctoritatem
1073 1945 1191 2012 habent,
1223 1946 1273 1998 aut

131 2053 244 2105 prorsus
264 2052 327 2090 cum
345 2034 575 2105 Heidelbergenei
594 2035 786 2104 consentiunt,
810 2038 842 2089 ut
859 2032 1013 2089 Vaticanus
1031 2033 1079 2088 ille
1098 2033 1134 2088 ab
1153 2032 1272 2087 Iordane

131 2124 233 2179 Vrsino
257 2125 324 2180 olim
348 2142 491 2196 possessus
514 2142 566 2179 nec
591 2126 684 2179 aetate
707 2125 798 2179 minor
821 2122 1065 2194 Heidelbergensi,
1093 2121 1138 2176 vel
1162 2138 1195 2176 ex
1218 2122 1272 2177 hoc

131 2214 288 2284 descriptus
312 2230 383 2270 saec.
403 2229 446 2268 xv
468 2213 716 2268 Laurentianorum
740 2231 823 2281 unns,
846 2213 891 2268 vel
915 2231 1023 2267 rursum
1048 2227 1082 2265 ex
1100 2211 1155 2266 hoc
1173 2210 1271 2264 ductus

131 2303 308 2358 Florentinus
327 2303 455 2373 qnidam,
474 2320 557 2372 quem
575 2304 671 2357 nostro
690 2318 753 2357 aere
772 2302 800 2356 in
821 2301 932 2356 Etruria
950 2300 1005 2370 ipsi
1024 2300 1150 2356 emimus.
1177 2302 1298 2367 Atquer

131 2392 201 2446 adeo
225 2410 259 2447 ex
283 2392 380 2447 eodem
404 2393 457 2447 hoc
475 2392 554 2446 fonte
572 2391 743 2462 interpolat-a
760 2390 812 2446 illa
830 2408 913 2459 quam
933 2390 1052 2445 diximus
1071 2388 1195 2444 recensio
1214 2405 1272 2442 ma·

130 2480 217 2535 navit.
255 2480 309 2535 Sed
327 2482 423 2536 tamen
441 2483 497 2535 tres
516 2480 581 2535 illos
599 2480 647 2550 qni
665 2482 738 2536 inter
757 2497 851 2536 omnes
870 2480 995 2535 eminent
1011 2480 1102 2533 fontes
1121 2478 1202 2547 qnasi
1220 2477 1271 2532 dif-

131 2569 212 2624 fundi
230 2569 260 2622 in
278 2571 411 2638 quattuor
429 2570 504 2625 rivos
524 2570 639 2625 dixerisr
659 2569 883 2640 quandoquidem
902 2570 989 2624 Vetus
1005 2566 1098 2621 Codex
1113 2566 1272 2635 camerarii,

132 2661 198 2728 post
227 2658 432 2726 camerarium,
459 2658 622 2726 Gruterum,
649 2658 767 2712 Pareum
791 2672 808 2709 a
829 2655 912 2711 nobis
935 2656 1048 2711 demum
1070 2655 1222 2727 diligenter
1244 2657 1274 2710 et

130 2747 214 2818 plene
234 2763 374 2814 exeussus,
394 2748 450 2801 tam
470 2746 643 2815 frequentem
663 2746 771 2815 antiqui
791 2745 954 2801 correctoris
973 2762 1086 2801 manum
1104 2762 1202 2816 passus
1221 2747 1272 2816 est,

133 2838 164 2890 ut
182 2852 233 2906 pro
252 2835 360 2891 duobus
378 2835 458 2890 libris
477 2837 536 2891 iure
554 2838 722 2889 numeretur.
750 2835 814 2889 Non
833 2835 909 2890 cadit
926 2835 980 2890 hoc
997 2835 1026 2888 in
1041 2852 1136 2890 omues
1149 2834 1272 2890 fabulas:

132 2924 181 2978 sed
200 2925 311 2994 praeter
329 2925 400 2980 alias
418 2924 552 2994 quasdam
567 2924 647 3002 cadit
664 2923 694 2977 in
713 2923 840 2978 Militem.
877 2923 971 2978 Facile
989 2925 1085 2978 autem
1103 2923 1176 2979 ratio
1195 2924 1272 2980 bina·

134 3031 195 3067 rum
214 3031 347 3068 mannum
370 3013 482 3069 illamm
502 3029 572 3082 quae
591 3013 737 3082 qualisque
756 3013 794 3068 sit
811 3012 985 3083 perspicitur.
1024 3011 1113 3083 Saepe
1132 3012 1274 3083 antiquior

133 3119 230 3157 manus
248 3101 371 3172 vestigia
389 3102 447 3156 veri
466 3101 593 3171 quamvis
611 3101 707 3156 tenuia
721 3102 765 3157 vel
784 3102 934 3158 obscurata
952 3102 1083 3171 servavit,
1101 3118 1219 3172 quorum
1237 3118 1272 3158 ne

132 3192 231 3247 umbra
257 3191 369 3261 quidem
396 3193 523 3261 superest
547 3190 577 3246 in
600 3191 690 3246 altero
708 3189 851 3247 Palatino:
884 3207 968 3261 saepe
991 3191 1044 3245 hoc
1063 3192 1107 3246 est
1124 3190 1273 3247 manifesto

133 3281 319 3351 depravatior.
357 3280 508 3348 Vtriusque
532 3280 641 3349 generis
664 3280 816 3349 scripturas
839 3280 960 3335 secunda
981 3297 1080 3335 manus
1099 3280 1219 3335 mutavit
1236 3280 1273 3334 ad

133 3369 205 3425 alius
229 3369 333 3424 codicis
356 3370 528 3439 exemplum,
552 3368 600 3437 qui
624 3368 783 3424 simillimus
805 3369 860 3423 fnit
878 3368 1122 3439 Heidelbergensis
1140 3368 1213 3423 libri.
1250 3368 1272 3422 Ε

133 3476 189 3526 quo
207 3461 333 3529 apparet,
351 3458 480 3527 quotiens
495 3475 558 3513 vere
578 3461 711 3526 correcta,
730 3458 833 3512 totiens
851 3458 909 3513 fere
928 3458 1019 3528 magis
1038 3458 1124 3512 etiam
1143 3459 1274 3526 corrupta

134 3546 228 3602 Plauti
247 3545 333 3600 verba
350 3563 435 3600 mann
454 3545 505 3600 illa
519 3545 707 3601 emendatrice
722 3562 790 3600 esse.
819 3546 907 3601 Simul
922 3544 1088 3616 intellegitis
1103 3563 1151 3600 cnr
1165 3563 1274 3601 summo

136 3652 221 3705 opere
239 3634 269 3688 id
287 3633 487 3703 studuerimus,
510 3636 543 3689 ut
561 3652 640 3690 erasa
658 3634 703 3688 vel
722 3634 817 3704 aliquo
836 3635 919 3691 modo
937 3634 1032 3690 fucata
1050 3634 1157 3704 primae
1176 3651 1274 3689 manns

133 3724 254 3794 vestigia
276 3739 446 3777 erueremus:
476 3724 551 3792 quod
576 3723 750 3794 paucissimis
773 3725 882 3777 tantum
905 3725 934 3777 in
956 3723 1026 3778 locis
1046 3740 1158 3792 prorsus
1177 3723 1273 3792 despe-

133 3815 251 3869 randum
270 3813 331 3867 fuit.
369 3812 474 3878 Quodsi
496 3812 526 3866 in
549 3813 603 3866 hoe
626 3829 727 3882 genere
750 3829 822 3882 qnae
840 3812 897 3883 legi
916 3813 994 3868 nullo
1013 3813 1095 3868 modo
1114 3813 1274 3882 potuerunt,

133 3903 245 3972 punctis
264 3902 355 3958 notari
374 3919 437 3957 raro
456 3903 616 3971 oportebat:
636 3901 724 3957 multo
743 3905 838 3956 tamen
856 3900 1006 3969 difficilius,
1025 3901 1091 3970 quid
1110 3901 1139 3956 in
1157 3900 1273 3956 Ambro-

133 3993 211 4047 siano
237 3991 373 4061 scriptum
399 3993 449 4045 aut
473 4008 528 4044 non
552 3989 685 4059 scripturn
710 3990 754 4045 vel
778 3992 852 4045 esset
873 3988 919 4044 vel
943 4006 1002 4045 esse
1025 3989 1178 4058 videretur,
1206 3988 1275 4042 satis

134 4081 290 4151 significare
312 4097 386 4134 nunc
409 4080 497 4134 licuit
539 4080 612 4134 Nam
637 4096 698 4133 cum
722 4078 880 4134 litterarum
903 4078 1066 4149 fragmentis
1094 4080 1123 4134 et
1149 4078 1274 4148 apicibus

133 4169 278 4225 imitandis
305 4169 383 4224 band
412 4185 493 4237 pares
521 4185 622 4238 operae
650 4170 759 4234 essent,
787 4167 924 4222 eiusmodi
952 4167 1060 4223 litteras
1088 4185 1200 4237 prorsus
1228 4166 1274 4221 hic

135 4258 264 4314 omittere
289 4273 440 4326 earumque
466 4256 557 4325 spatia
575 4258 685 4310 tantum
704 4272 849 4312 numerare
869 4258 958 4312 coacti
977 4256 1088 4311 fuimns.
1125 4255 1275 4310 Praeterea

135 4364 190 4400 non
217 4347 261 4401 est
288 4345 401 4400 silentio
429 4344 721 4415 praetermittendum,
751 4344 859 4412 aliquot
883 4345 1041 4413 praeclaras
1066 4344 1275 4399 emendationes

136 4434 287 4489 Godofredi
302 4434 455 4491 Hermanni
473 4433 670 4489 benevolentia
687 4433 768 4489 nobis
788 4433 980 4504 suppeditatas
999 4450 1065 4489 esse.
1091 4433 1179 4502 Quem
1197 4433 1221 4490 si
1239 4433 1273 4489 de
