2962 5032
452 119 748 167 carrucarrounu
773 120 844 165 uun
868 107 1074 166 luucrcnus.
1271 103 1333 166 717

165 263 412 349 intellegimus
441 284 460 327 a
487 263 580 328 robis
604 263 640 326 in
662 266 821 345 tempore,
853 262 915 325 hoo
938 262 988 325 est
1012 265 1087 324 ante
1111 261 1264 326 feriarum
1288 263 1336 325 in-

164 368 286 435 itium
311 390 578 452 communemque
601 368 792 451 discessum,
820 368 931 451 quales
954 365 1083 431 futurae
1107 367 1174 432 sint
1196 370 1335 434 rescisci.

165 460 289 541 Illam
318 477 419 561 igitur
446 474 637 539 tarditatem
665 496 736 539 cum
764 474 834 538 iure
862 477 971 538 vestro
1000 493 1096 556 saepe
1119 475 1224 556 questi
1249 476 1335 539 sitis:

167 584 288 650 nobis
317 582 446 668 quidem
473 580 681 645 vehementer
708 578 880 645 dolendum
909 583 959 643 est
982 579 1085 642 solam
1110 582 1332 664 conquerendi,

170 689 376 776 corrigendi
407 688 529 752 nullam
562 709 632 752 esse
664 690 860 771 potestatem
893 686 1055 769 relictam,
1087 686 1141 769 qui
1169 686 1335 751 nulladum

176 819 274 861 eura
298 800 331 860 et
354 793 577 878 meditatione,
600 795 697 859 nullis
722 794 846 858 artibus
869 793 1080 877 machinisve,
1104 793 1196 858 nulla
1219 793 1335 857 virium

176 902 401 968 contentione
430 902 578 986 quamvis
606 901 764 966 acerrima
793 923 848 966 eas
872 922 1024 985 superare
1047 899 1254 965 difficultates
1279 923 1334 986 po·

174 1008 365 1092 tuerimus,
392 1030 576 1093 quaecum
605 1012 733 1091 apertas
762 1029 893 1072 caussas
921 1007 1046 1071 habent
1069 1010 1139 1071 tum
1163 1031 1183 1072 a
1204 1012 1335 1073 nostrae

178 1115 307 1200 culpae
330 1115 503 1180 cuiuslibet
526 1116 750 1181 communione
773 1137 907 1199 prorsus
931 1114 1103 1179 seiunctas.
1149 1114 1238 1190 Quae
1262 1138 1335 1180 cum

181 1221 241 1287 ita
270 1221 353 1304 sint,
385 1244 483 1287 unum
513 1227 563 1286 est
591 1243 654 1306 quo
684 1226 717 1285 et
740 1244 796 1286 vos
824 1224 857 1285 et
882 1220 1096 1305 nosmetipsi
1120 1222 1336 1288 consolemur:

184 1327 279 1412 quod
303 1327 406 1393 levius
430 1329 468 1393 fit
491 1328 662 1412 patientia,
687 1328 838 1411 quicquid
861 1328 1022 1412 corrigere
1046 1331 1096 1391 est
1118 1327 1219 1392 nefas.
1266 1328 1336 1404 Quo

188 1439 304 1500 autem
336 1457 394 1500 vos
427 1434 548 1499 diutius
580 1435 691 1499 fatalis
722 1436 899 1501 necessitas
931 1439 1058 1499 morata
1090 1436 1152 1516 est,
1186 1454 1223 1498 eo
1252 1456 1336 1500 nunc

192 1543 301 1607 minus
330 1563 439 1607 morae
467 1563 527 1606 nos
555 1542 811 1626 interponemus,
844 1541 898 1606 sed
927 1541 1027 1605 indici
1050 1539 1154 1605 indice
1178 1539 1336 1623 praefabi-

193 1671 277 1731 mur,
301 1649 356 1732 qui
373 1670 432 1713 nec
451 1669 638 1713 caussarum
657 1648 894 1733 expositionem
912 1647 1094 1712 uberiorem
1117 1668 1176 1712 nec
1195 1647 1335 1732 aliquem

196 1755 309 1820 florem
333 1754 490 1820 orationis
514 1777 591 1840 prae
615 1777 648 1819 se
672 1755 764 1820 ferat.

325 2109 361 2195 g)
385 2110 439 2175 Im
462 2109 703 2175 Prooemium
728 2111 791 2175 des
815 2110 1059 2174 Wintersem.
1086 2109 1213 2191 ralrso

458 2249 512 2339 (de
535 2253 660 2318 cantico
684 2253 864 2352 Trinummi
887 2248 1080 2336 Plautinae).

285 2395 482 2460 Particulam
514 2395 679 2460 vobiscum
709 2395 1015 2461 communicavimus
1039 2391 1205 2477 amplioris
1229 2390 1338 2476 dispu-

197 2501 341 2584 tationis,
365 2523 462 2586 quam
486 2501 649 2586 integram
668 2523 847 2586 proponere
866 2523 925 2585 per
942 2500 1041 2565 aliam
1062 2499 1339 2585 opportunitatem

198 2607 413 2673 academicam
441 2606 630 2691 propediem
658 2608 778 2673 licebit.
823 2606 919 2673 Nunc
948 2608 1035 2672 enim
1059 2606 1236 2673 carendum
1259 2611 1339 2689 erat,

198 2736 238 2780 ne
261 2715 358 2779 nimis
382 2735 440 2779 vos
463 2735 665 2779 moraremur
688 2714 728 2778 ad
751 2735 806 2778 eas
829 2716 997 2797 tamquam
1021 2713 1201 2778 studiorum
1225 2713 1339 2796 epulas

197 2822 423 2902 festinaturos,
455 2843 535 2905 quas
564 2821 596 2884 in
622 2820 735 2905 quovis
759 2839 875 2905 genere
899 2819 1101 2905 largissimas
1115 2819 1216 2884 'vobis
1240 2841 1339 2904 appo·

198 2927 279 2993 sitas
306 2927 439 2993 videtis:
472 2929 588 3013 quibus
616 2928 664 2992 ita
692 2927 842 3011 utemini,
873 2930 910 2992 ut
938 2930 971 2991 et
997 2926 1037 2992 ad
1065 2948 1124 2991 vos
1152 2927 1340 3011 pulcerrimi

197 3034 323 3100 fruetus
344 3035 526 3100 redundent
545 3040 578 3099 et
595 3057 655 3100 nos
674 3035 839 3118 impensae
857 3034 951 3099 robis
971 3054 1088 3118 operae
1107 3055 1147 3097 ne
1166 3033 1341 3117 paeniteat.

198 3140 260 3206 Sed
288 3146 399 3206 tamen
426 3141 516 3226 prius
544 3163 640 3225 quam
668 3163 726 3205 vos
756 3142 862 3206 valere
889 3141 1033 3224 iubeam,
1064 3139 1145 3204 illud
1179 3139 1339 3223 agendum

199 3253 262 3332 est,
294 3248 381 3332 quod
415 3270 487 3313 cum
520 3249 582 3314 hoc
614 3248 837 3332 prooemiandi
870 3247 977 3313 officio
1011 3246 1164 3330 coniungi
1196 3268 1300 3329 nuper
1309 3247 1341 3328 *)

197 3355 322 3440 placuit
344 3377 410 3420 non
429 3354 581 3419 mediocri
600 3359 638 3418 ut
656 3355 852 3419 arbitramur
872 3357 978 3417 vestro
998 3353 1142 3436 ipsorum
1162 3352 1341 3417 commodo.

198 3461 268 3538 Quo
302 3462 388 3526 enim
422 3461 514 3526 vobis
547 3461 666 3525 certius
702 3461 741 3525 de
779 3477 1011 3524 caurummvu
1048 3474 1341 3542 icaunmcoavu,

198 3590 334 3653 quorum
367 3567 541 3652 quotannis
575 3545 665 3632 varia
697 3588 735 3631 ac
767 3567 937 3651 multiplex
970 3567 1107 3632 materia
1138 3566 1342 3649 proponitur,

197 3676 326 3740 ratione
354 3679 451 3758 atque
480 3676 596 3737 eventu
624 3677 765 3757 constet,
792 3674 897 3738 visum
921 3677 971 3737 est
994 3672 1055 3738 hoc
1078 3672 1150 3738 loco
1174 3671 1341 3737 vobiscum

199 3782 446 3863 communicare,
470 3801 553 3864 quae
577 3802 650 3844 cum
674 3781 713 3845 de
736 3780 920 3846 novissimis
940 3779 1203 3844 contentionibus
1224 3778 1341 3842 vestris

200 3888 319 3975 singuli
352 3886 481 3953 ordines
514 3886 700 3952 iudicarunt
731 3892 801 3952 tum
833 3909 892 3953 ros
926 3890 1068 3951 tractare
1105 3908 1163 3970 per
1199 3883 1341 3969 proximi

199 3996 277 4060 anni
307 3995 449 4078 spatium
478 3995 649 4059 iusserunt.
694 3994 744 4059 Eo
772 3998 882 4058 autem
911 4013 1042 4056 munere
1066 3992 1146 4056 scire
1170 4013 1228 4056 vos
1252 3991 1341 4055 volu·

289 4223 314 4291 *J
335 4225 404 4295 [Das
423 4223 546 4294 geschah
565 4224 656 4276 auerst
677 4228 752 4276 1843.
791 4221 818 4277 0·
839 4221 896 4291 Wd
