2962 5032
180 284 244 351 516
463 300 724 351 enonaoounna
749 298 796 350 1111
822 301 1035 352 1111011111

268 445 331 511 Sed
359 448 488 532 longius
517 448 614 511 etiam
643 447 841 512 trochaicum
866 470 1034 513 numerum
1058 450 1234 533 aequantia
1258 470 1327 533 pro·

178 554 395 618 celeusmatici
424 553 504 639 fuga
533 554 697 638 pertinuit.
744 553 819 618 Non
851 555 956 640 magis
989 555 1075 620 enim
1108 577 1184 620 eum
1218 580 1327 642 proce

178 661 404 724 leusmaticum
436 665 580 725 veterum
612 683 664 725 ars
692 665 862 744 poetarum
895 662 1060 747 probavit,
1093 664 1149 747 qui
1182 665 1218 728 in
1251 664 1329 748 ipsis

178 768 326 831 iambicis
355 768 499 832 versibus
528 768 695 851 anapaesti
725 789 794 832 cum
825 769 1029 853 praecedenti
1059 770 1127 833 sive
1159 770 1327 835 tribracho

50 894 165 936 concur
180 876 247 939 sive
280 875 412 958 dactylo
445 876 683 941 consociatione
716 877 834 941 oritur:
866 900 884 933 o
900 884 904 949 Ι
920 888 970 934 c'o
986 910 1033 934 m
1048 883 1053 952 Ι
1069 903 1098 940 z.
1154 878 1204 942 De
1239 878 1326 941 cuius

178 983 343 1047 societatis
372 983 536 1066 pravitate
565 983 736 1047 sanissimo
760 982 878 1048 iudicio
902 980 1185 1048 Hermannianam
1211 984 1325 1048 doctri-

174 1111 252 1158 nam
276 1110 379 1172 nuper
396 1086 559 1153 Lomanus
577 1112 608 1172 p.
626 1089 670 1153 44
694 1089 928 1172 comprobavit
966 1090 1015 1154 Ac
1037 1091 1241 1174 paucissima
1259 1092 1322 1154 eius

178 1196 304 1281 generis
328 1196 476 1279 exempla
499 1218 515 1259 e
540 1195 729 1260 Trinummo
753 1196 944 1280 expellenda
967 1198 1116 1281 fuorunt,
1140 1202 1178 1262 ut
1203 1222 1232 1262 v.
1258 1198 1323 1280 169,

178 1303 232 1367 ubi
256 1325 321 1368 non
345 1303 453 1367 minus
476 1302 630 1367 vitiosum

249 1444 454 1532 ‚Ade'suriuit
476 1445 584 1528 mdpis,
606 1444 746 1510 ialciauit
768 1447 884 1529 acrius,

177 1610 273 1671 quam
298 1586 384 1671 quod
408 1587 528 1653 Bothio
552 1588 676 1672 placuit

265 1730 457 1794 Adesuriuit
479 1729 566 1812 omipc
588 1736 616 1795 et
637 1730 777 1795 ‘indicauit
801 1731 915 1794 acriam.

176 1871 204 1935 E
230 1871 335 1935 tribus
359 1870 544 1936 dimetiendi
569 1872 673 1937 modis
696 1873 821 1936 nullum
846 1896 874 1936 v.
898 1874 964 1937 515
988 1873 1198 1939 admittebat:

265 2013 339 2079 Tibi
365 2034 426 2098 ego
450 2015 608 2078 rationem
632 2015 785 2097 re'ddam?
818 2013 917 2080 Plane
941 2016 1110 2099 periimus:

176 2178 251 2221 nam
283 2156 352 2221 sive
382 2157 437 2221 titi
464 2158 518 2240 cpo'
543 2180 602 2240 pro
631 2163 808 2241 anapaesto
837 2159 969 2242 accipis,
999 2159 1083 2223 falsa
1111 2159 1320 2244 productione

175 2264 289 2347 uteris,
320 2265 386 2327 sive
410 2264 465 2327 tibi
488 2265 542 2346 cpo‘
567 2286 619 2327 ru·
647 2287 707 2347 pro
730 2263 1030 2348 proceleusmatico,
1053 2288 1191 2348 pravum
1216 2288 1321 2331 accen·

175 2374 244 2435 tum
263 2370 371 2453 infers,
391 2371 458 2434 sive
478 2371 603 2453 11111111
621 2393 681 2454 pro
701 2369 876 2454 tribracho,
895 2372 924 2436 ei
944 2371 1006 2454 ipsi
1020 2371 1094 2455 pedi
1110 2378 1318 2456 anapaestum

175 2478 354 2542 continuas.
400 2476 506 2542 Versu
530 2477 595 2542 804
619 2500 678 2561 pro
703 2478 860 2541 librorum
885 2479 1046 2560 scriptura

264 2602 423 2668 Continuo
446 2602 565 2683 operito
589 2601 703 2685 denuo,
726 2601 781 2664 sed
806 2602 988 2666 clanculum

176 2750 272 2791 ausus
297 2750 369 2790 snm
392 2726 578 2790 Ennianum
603 2732 707 2808 opertu
727 2725 922 2812 reponere*)
947 2726 1091 2810 (quando
1111 2750 1177 2790 non
1197 2750 1323 2813 semper

174 2833 403 2918 frequentandi
427 2834 492 2896 vim
516 2833 755 2916 frequentativa
778 2832 877 2896 verba
900 2836 1026 2916 tenent,
1051 2834 1321 2917 quemadmodum

176 2942 371 3024 aliquotiens
386 2942 518 3022 royc'ture
533 2939 667 3003 Plautus
688 2962 745 3022 pro
767 2939 905 3022 simplici
924 2960 1034 3021 copore
1052 2942 1163 3023 posuit
1179 2938 1285 3020 [Cure.
1302 2940 1323 3021 l,

178 3047 375 3131 1‚13.19]):
400 3046 532 3130 quodsi
557 3047 629 3130 quis
653 3047 799 3129 poeticae
823 3047 979 3110 orationis
1005 3048 1172 3130 proprium
1197 3046 1324 3129 dixerit,

176 3160 326 3238 exspecto
349 3154 425 3236 quid
450 3154 691 3236 excogitaturus
715 3155 759 3217 sit
782 3155 821 3216 ad
851 3154 996 3217 codicum
1029 3155 1220 3218 memoriam
1252 3178 1322 3238 pro·

176 3261 367 3344 piusquam
393 3259 670 3324 Hermannianum
695 3261 903 3341 l'oo‘elinuoque
925 3263 1008 3341 operi
1036 3262 1133 3324 dorsuo
1158 3260 1323 3324 accedens.

174 3368 225 3430 Eu
252 3369 341 3448 [Em]
366 3390 433 3432 orco
456 3368 619 3448 crmlefuctu
644 3368 677 3431 in
702 3368 859 3451 principio
885 3390 912 3430 v.
936 3369 1000 3432 185
1025 3367 1132 3450 posita
1157 3389 1238 3431 cave
1267 3391 1323 3451 pro

175 3474 302 3558 dactylo
336 3498 407 3538 cum
442 3481 618 3558 anapaesto
653 3474 787 3538 habeas:
822 3475 876 3537 ubi
911 3479 967 3537 aut
996 3496 1063 3537 111111.
1091 3473 1239 3556 syllabae
1268 3480 1323 3538 aut

173 3583 254 3645 ritule
276 3582 309 3644 in
336 3604 432 3645 unam
460 3579 757 3666 contrahantur.**)
801 3580 946 3643 Similem
971 3581 1227 3644 contractionem
1259 3603 1322 3644 me·

174 3694 283 3753 mento
306 3691 388 3754 cuim
412 3689 591 3772 particulae
616 3687 767 3751 adhibere
791 3711 818 3751 v.
843 3689 907 3751 806
933 3688 986 3766 [cf.
1010 3711 1040 3770 p.
1064 3687 1159 3766 lOOl:

262 3831 313 3896 lta
331 3832 463 3895 faciam:
488 3832 533 3895 At
556 3813 642 3894 duim
666 3829 763 3893 nimis
787 3830 884 3913 longo
910 3852 1056 3895 sermone
1080 3831 1218 3894 utimur:

173 3997 249 4038 nam
277 3997 336 4038 sua
364 3979 479 4058 sponte
508 3974 707 4056 intellegitur
734 3995 800 4037 non
829 3974 934 4058 magis
962 3996 1059 4056 quam
1088 3973 1256 4058 dactylum
1280 3974 1321 4038 ab

175 4087 352 4165 anapaesto
376 4083 480 4166 excipi
504 4082 826 4166 proceleusmaticum
850 4103 953 4164 posse.

262 4257 286 4326 *1
307 4258 379 4328 [noc
399 4229 607 4313 retraetandum
627 4274 688 4312 esse
707 4255 874 4311 nauclerus
894 4256 1047 4310 intonent:
1069 4256 1226 4311 1111111111
1245 4258 1322 4325 open·

173 4348 201 4401 in
221 4348 263 4402 ed.
283 4349 331 4401 alt.
352 4348 472 4417 scripsit,
492 4350 525 4404 ci.
546 4348 616 4403 Nov.
636 4365 693 4401 cxc.
714 4347 804 4400 Plant.
826 4347 836 4398 1
856 4364 883 4414 p.
903 4349 938 4400 86
949 4347 1002 4416 aql

244 4437 284 4503 *’*)
304 4439 446 4505 [111αῖίαοία
462 4437 630 4491 Ritecbeiius
645 4436 755 4505 scripsit
765 4437 792 4490 in
803 4436 845 4490 ed.
859 4434 921 4490 alt:
937 4436 1083 4504 eropum.
1095 4434 1164 4504 phil.
1177 4437 1320 4505 1111711.)
