2962 5032
401 352 474 399 uro
498 351 558 398 orn
582 351 768 399 usuardus
790 352 1111 401 rusuruss‘rrrorsu.
1285 336 1325 400 81

382 542 424 601 rs}
461 544 608 600 Gedicht
625 562 665 601 an
684 545 979 601 Helius'Eobanus
997 545 1130 600 Hessos.

164 652 251 720 (Aua
272 651 361 705 ‘Helii
380 651 488 707 Eobani
507 652 588 707 Hessi
605 651 757 707 Heroidum
777 652 998 707 Christianarum
1013 651 1168 722 Epistolae.
1187 667 1257 720 opus
1271 652 1328 707 No·

160 739 282 793 vitium
302 757 391 811 nuper
408 740 552 794 aeditum.'
577 739 705 810 Leipzig,
722 740 823 795 Meloh.
842 740 940 796 Lctter
960 746 1037 807 1514,
1056 747 1081 796 4.
1100 739 1180 793 Blatt
1197 740 1236 793 lx
1259 741 1328 795 Vor-

427 830 488 885 der-
507 828 564 883 und
583 827 744 897 thlrseite;
764 829 843 882 Blatt
860 828 886 881 X
904 826 1092 895 Vcrderseite)

443 952 526 1008 Vltus
543 953 696 1008 Vuerlerus
714 952 746 1005 H.
767 952 882 1008 Ecbano
901 952 988 1007 Hosso
1007 969 1065 1008 suo.

400 1080 444 1132 An
462 1077 524 1147 quis
541 1094 598 1133 non
616 1076 710 1132 faveat
728 1076 781 1132 tibi
798 1094 851 1133 nec
868 1094 992 1147 unquam

434 1167 541 1223 Ardeat
558 1165 665 1238 ingenti
684 1165 775 1221 laudis
794 1183 888 1221 amore
907 1169 991 1223 tuae?
1058 1232 1060 1236 Ι

397 1256 442 1311 An
460 1273 516 1312 non
535 1256 661 1325 quisquis
679 1256 763 1310 horno
781 1256 883 1325 probet
899 1256 1021 1311 libenter

431 1346 519 1402 Dotes
537 1362 607 1413 quas
625 1345 736 1414 lingua,
754 1347 848 1399 mente
866 1345 1017 1415 animoque
1036 1345 1141 1402 refers?

399 1435 464 1490 Sive
481 1435 673 1488 infirmusero
691 1433 828 1501 simulque
847 1432 934 1489 febris

434 1523 487 1578 Hei
506 1522 580 1577 male
599 1519 743 1577 defensam
761 1524 875 1591 torquet
893 1525 994 1579 acerba
1013 1526 1115 1592 cutem,

400 1611 463 1666 Sive
482 1611 551 1666 insit
568 1611 666 1666 melior
685 1612 774 1666 status
793 1610 914 1666 virorum

433 1700 470 1755 Et
488 1700 566 1754 dicar
585 1701 650 1753 voto
669 1698 825 1754 dexteriore
844 1699 907 1770 frui,

399 1788 452 1844 Vel
469 1790 557 1843 terras
576 1804 695 1857 peragro
713 1804 802 1858 vagus
821 1792 957 1859 repostas,

435 1874 500 1931 Sive
518 1890 571 1947 ego
591 1873 644 1929 sim
663 1873 772 1943 vitreis,
791 1876 893 1945 Herse,
911 1876 1020 1932 futurus
1039 1879 1129 1946 aquia,

398 1967 456 2021 Aut
473 1964 511 2019 sit
529 1980 589 2019 sors
607 1962 728 2033 propriis
746 1963 844 2034 iniqua
862 1966 952 2034 rebus,

433 2056 490 2108 Aut
508 2070 572 2109 mea
590 2052 699 2122 regales
717 2053 804 2108 archa
823 2053 953 2109 refundat
971 2071 1056 2125 cpes;

398 2143 430 2198 In
447 2158 569 2198 summa:
588 2139 697 2197 vicibus
716 2140 790 2197 diem
809 2143 918 2199 reducit

435 2231 557 2288 Crinitus
576 2229 662 2286 radiis
680 2231 769 2286 donec
788 2231 890 2301 Apollo
909 2232 975 2302 suis,

399 2320 508 2377 Mellito
527 2319 598 2375 milri
616 2320 723 2377 dulcior
741 2320 859 2391 liquore,

436 2410 536 2480 Crede,
554 2426 617 2465 mcc
636 2426 746 2479 semper
765 2412 878 2480 pectore
897 2411 967 2466 fixus
986 2412 1050 2467 eris.

398 2499 458 2554 Hoc
477 2497 567 2553 virtus
585 2497 686 2554 merito
705 2498 774 2554 facit
792 2500 902 2570 decora,

437 2587 468 2642 Si
486 2587 554 2642 data
571 2586 671 2641 iuditio
690 2586 727 2641 sit
745 2590 795 2642 tua
810 2588 869 2643 vita
887 2607 957 2644 meo.

401 2678 475 2733 Nam
493 2681 522 2732 te
541 2675 647 2731 tabilici
666 2679 760 2732 moret
778 2694 829 2733 nec
849 2679 931 2735 ardor

434 2764 553 2834 Livoris,
572 2764 666 2820 vultus
685 2765 733 2820 sed
752 2765 812 2821 sine
831 2767 905 2821 nube
923 2767 1010 2838 geris3

400 2855 480 2909 Nulli
499 2854 637 2922 detrahis,
656 2853 785 2909 omnibus
804 2854 854 2910 sed
872 2872 977 2925 aequus

435 2945 527 3015 Atque
546 2941 633 2997 bonos
652 2943 713 2997 tota
731 2943 879 3000 sedulitate
898 2945 981 3013 colis;

400 3033 464 3089 Non
482 3032 555 3088 vires
574 3032 662 3087 animi
680 3032 761 3089 dolor
778 3033 868 3103 quieti

434 3121 565 3190 Frangit,
582 3136 634 3175 nec
654 3137 750 3176 sensus
768 3121 811 3176 ira
829 3121 956 3176 animosa
973 3123 1085 3193 premit

402 3211 444 3265 'lu
463 3214 570 3265 rectum
590 3210 726 3280 sequeris,
745 3209 820 3279 fugis
839 3210 927 3279 mala,
946 3211 1010 3267 inde

437 3299 534 3355 Cultor
551 3297 694 3355 amicitiae
713 3298 826 3353 sedulus
845 3315 905 3353 esse
924 3300 1005 3356 soles.

402 3389 465 3445 Non
483 3391 511 3443 te
530 3386 662 3444 destituit
680 3387 761 3441 fidele
780 3387 865 3442 robur

439 3476 580 3548 Corporis,
599 3478 629 3531 et
645 3475 762 3530 rutilum
781 3474 874 3531 lundis
894 3476 930 3532 ab
948 3493 996 3534 ore
1014 3479 1104 3537 iubar.

402 3567 506 3622 Vidisti
524 3565 617 3622 varias
635 3563 741 3636 peritus
760 3564 852 3635 urbes,

438 3655 550 3711 Audisti
568 3655 658 3711 claros
677 3654 779 3710 clarior
797 3655 856 3725 ipse
876 3656 958 3729 viros,

403 3746 425 3801 0
444 3745 531 3801 foelix
548 3744 665 3800 nimium
684 3759 817 3811 sacerque
836 3745 922 3815 rates,

437 3833 572 3889 Doctrina
589 3832 687 3903 priscis
706 3832 913 3903 aequiparande
932 3836 1011 3891 virisl

401 3923 444 3976 En
461 3921 591 3978 Phoebus
608 3921 661 3977 tibi
679 3921 753 3976 dona
771 3921 964 3979 subministrat

437 4011 497 4067 Nec
515 4012 602 4082 negat
619 4012 748 4066 auretam
768 4008 913 4082 Calliopea
930 4013 1029 4083 lyram,

377 4091 379 4095 ¹
403 4100 464 4167 Qua
482 4100 570 4154 fretus
588 4099 671 4168 (bone
689 4098 825 4169 Iuppiter)
844 4101 993 4170 probatum

439 4189 511 4245 Mira
530 4188 666 4258 scripsisti
684 4187 838 4244 nobilitate
852 4189 967 4260 librum,

402 4280 434 4335 Iu
452 4296 507 4348 quo
526 4277 706 4334 Christicolas
725 4277 809 4334 doces
828 4295 936 4335 sorores

437 4368 560 4423 Pulchra
576 4367 734 4424 verecundo
752 4367 839 4422 rerba
856 4367 954 4438 lepore
973 4370 1060 4439 loqui.

402 4458 466 4514 Non
483 4458 560 4512 lusus
579 4455 695 4512 Veneris
713 4455 900 4526 libidinesque

244 4565 286 4601 aa.
307 4567 456 4603 esrsunrrasr
476 4565 621 4601 orvscvns.
643 4567 666 4600 v.
1104 4559 1120 4608 6
