2962 5032
240 293 306 356 524
525 306 786 355 inconsonans
812 308 859 352 nn
883 290 1094 354 simoninus

239 455 396 536 cognatos
429 452 543 535 fugare
577 449 638 515 dici
672 472 764 516 amor
793 450 857 514 nisi
890 449 1021 514 ridicule
1051 471 1116 514 nou
1147 454 1273 534 posset,
1304 449 1385 514 nihil

238 558 398 641 reliquum
432 557 494 623 fuit
530 557 594 621 nisi
632 560 669 620 ut
702 579 776 621 oum
809 562 875 622 taos
907 557 1096 639 pronomine
1128 557 1220 622 tertii
1258 579 1385 642 quoque

227 652 377 729 'membri
405 665 600 748 pronomina
627 663 879 729 conciliarentur
906 667 940 728 et
965 665 1056 747 supet
1083 670 1158 742 teo
1185 670 1239 729 tuo
1261 670 1384 729 cordata

240 771 435 837 scriberetur
463 793 522 853 pro
545 792 576 836 sc
598 792 620 834 a
640 769 744 856 carofi)
770 806 810 818 —-
834 770 972 855 Reliqua
1000 770 1122 854 omnia,
1150 792 1233 855 quac
1261 771 1296 836 iu
1325 772 1384 836 hoc

239 878 365 944 cantico
394 878 502 961 posui,
530 883 609 962 puto
638 881 740 942 semet
767 877 841 960 ipsa
868 877 948 941 satis
976 877 1152 942 defendere.
1198 877 1273 943 Nisi
1303 878 1386 962 quod

239 1009 298 1070 pro
327 985 490 1070 asperiore
518 1006 546 1049 v.
574 985 640 1050 284
668 985 786 1049 cretico
814 982 895 1067 pede
923 985 958 1048 dt
987 985 1029 1048 sit
1054 985 1105 1049 sui
1132 983 1219 1049 haud
1249 985 1317 1050 saio
1346 1008 1385 1050 an

239 1096 384 1176 praestet
407 1093 510 1158 multo
533 1092 637 1157 lenior
660 1091 740 1156 haec
763 1113 928 1155 mensura:

328 1236 440 1317 Malus'
458 1253 579 1317 bouum
603 1252 724 1316 malum
749 1274 819 1316 esse
843 1252 922 1336 uolt,
944 1253 995 1317 ea‘a'
1017 1252 1065 1316 ati
1086 1253 1128 1317 sit
1151 1249 1283 1317 similis:

239 1420 315 1478 iram
339 1411 493 1477 catalexis
517 1412 728 1477 removendae
756 1412 983 1478 necessitatem
1010 1434 1076 1477 uon
1104 1412 1210 1495 video,
1239 1414 1385 1481 omuino·

239 1541 300 1605 que
323 1517 409 1602 quod
428 1518 467 1581 ad
490 1519 753 1584 catalecticorum
773 1520 1087 1603 acatalectorumque
1112 1518 1218 1583 varias
1243 1541 1301 1604 per
1324 1518 1384 1584 hoc

238 1631 344 1692 totum
377 1626 537 1690 canticum
570 1626 808 1691 vicissitudines
841 1626 973 1709 attinet,
1005 1649 1070 1691 non
1103 1628 1255 1710 oportere
1287 1627 1384 1691 nimis

239 1733 445 1799 fastidiosum
469 1711 539 1797 etse
562 1732 711 1800 arbitror.

697 2090 809 2137 canvu
833 2070 920 2137 XIX.

328 2214 466 2279 Restant
488 2215 631 2280 miscella
655 2215 825 2300 quaedam,
853 2237 935 2299 quae
963 2219 1085 2299 quauta
1111 2219 1250 2298 potuero
1280 2215 1383 2281 brevi·

239 2325 307 2386 tate
330 2321 507 2387 absolvam.
515 2322 565 2407 **)

115 2455 226 2497 cccxvr
328 2428 367 2492 ln
392 2430 633 2515 argumentis
657 2429 832 2494 metricis
851 2429 1034 2494 fabularum
1054 2429 1281 2494 Plautinarum
1302 2434 1381 2495 trac·

236 2535 344 2599 tandis
359 2536 492 2600 eandem
507 2537 666 2600 rationem
681 2540 774 2601 teneo
795 2560 833 2601 ac
853 2537 880 2599 si
899 2537 933 2600 iu
949 2536 1065 2601 Plauto
1085 2558 1204 2600 verser:
1224 2559 1302 2600 nam
1322 2539 1382 2601 etsi

237 2642 334 2706 nimis
359 2643 457 2726 lepidi
477 2643 607 2707 fuerunt
631 2644 686 2727 qui
709 2643 784 2708 huic
808 2643 870 2726 ipsi
894 2643 968 2707 illos
993 2628 1174 2707 versiculos'
1192 2643 1383 2725 tribuerent,

236 2753 345 2813 tamen
360 2754 432 2814 cium
448 2750 592 2834 prologis
607 2773 672 2814 non
683 2749 843 2814 Plautinis
859 2750 1009 2814 omnibus
1024 2749 1085 2814 hoc
1101 2750 1123 2812 ii
1140 2771 1311 2814 commune
1328 2751 1381 2814 ha-

237 2855 317 2918 bent
339 2854 423 2937 quod
447 2878 578 2938 prorsus
603 2856 755 2920 Plautina
778 2879 982 2920 numerorum
1007 2862 1076 2919 arte
1101 2857 1177 2920 facti
1203 2861 1286 2920 sunt.
1335 2855 1382 2920 De

99 2981 225 3022 cocxvn
240 2962 355 3046 quibus
384 2960 536 3046 quoniam
568 2962 669 3026 altera
700 2985 774 3045 pars
806 2964 873 3026 eius
905 2963 1201 3044 commentationis,
1228 2986 1326 3046 quam
1356 2988 1382 3027 a

237 3084 505 3132 clolocccxxxxl
527 3067 610 3131 edidi
631 3070 687 3151 [=
697 3068 812 3153 Opusc.
823 3070 899 3152 phil.
910 3069 941 3132 ll
952 3092 981 3153 p.
992 3070 1193 3151 «lot-4221,
1217 3093 1294 3134 casu
1319 3071 1381 3134 fac-

236 3180 306 3238 tum
320 3178 371 3238 est
385 3181 421 3237 ut
435 3175 538 3239 adhuc
549 3176 583 3239 in
598 3176 724 3240 scriniis
735 3177 911 3257 delitescat,
926 3199 1085 3241 summam
1097 3177 1279 3241 sententiae
1290 3200 1382 3241 meae

237 3303 334 3364 quam
358 3281 561 3364 paucissimis
585 3306 669 3346 nunc
691 3283 781 3347 illino
801 3305 976 3365 excerpam.
1018 3282 1128 3346 Missis
1148 3283 1250 3366 igitur
1270 3305 1381 3347 eorum

235 3388 398 3452 futtilibus
422 3389 628 3472 opinionibus
652 3391 705 3473 qni
731 3395 787 3453 aut
811 3412 830 3452 a
852 3389 895 3453 M.
919 3389 1064 3454 Varrone
1090 3394 1145 3453 aut
1169 3411 1188 3452 a
1212 3388 1382 3453 Prisciano

235 3497 356 3580 scripta
379 3498 584 3561 coniecerunt
607 3500 758 3580 (qnorum
782 3497 835 3561 hic
858 3497 1027 3560 habuisset
1046 3498 1191 3580 prolecto
1212 3498 1297 3581 quod
1319 3498 1380 3562 sibi

235 3602 461 3686 gratularetur,
480 3604 507 3666 si
529 3607 594 3667 tam
616 3604 720 3668 bonos
740 3605 904 3668 trimetros
924 3605 1027 3666 facere
1047 3604 1224 3668 ullomodo
1243 3604 1382 3690 posset),

235 3708 314 3772 duas
340 3714 462 3774 aetates
487 3710 580 3774 video
604 3711 662 3773 tali
687 3709 816 3774 ludendi
840 3711 948 3794 generi
969 3714 1076 3793 aptas:
1101 3711 1236 3774 alteram
1258 3714 1380 3777 saeculi

235 3839 263 3879 u.
292 3839 317 3879 c.
346 3818 490 3899 septimi,
522 3841 586 3900 quo
618 3840 714 3900 quam
746 3817 923 3880 ferbuerint
954 3818 1169 3901 grammatica
1199 3819 1310 3882 studia
1341 3821 1380 3883 ad

236 3921 402 3986 Plautinas
427 3924 555 3988 litteras
579 3925 709 4005 collata,
732 3923 834 3987 Licini
858 3924 962 3987 Porcii
971 3975 978 4005 ,
1004 3923 1127 3988 Aurelii
1152 3924 1278 4008 Opillii,
1304 3924 1381 3988 Vol·

341 4152 367 4214 *)
385 4153 428 4221 [ln
447 4153 489 4206 ed.
510 4153 558 4206 alt.
579 4153 749 4207 Ritscheliue
769 4154 901 4208 toleravit
919 4171 946 4207 sc
965 4173 982 4207 a
1001 4157 1070 4221 sao]

324 4243 366 4309 **)
393 4240 529 4309 [Primum
555 4242 601 4295 hic
627 4242 736 4296 dixerat
760 4243 931 4311 Ritschelius
958 4244 991 4296 de
1016 4260 1177 4298 scaenarum
1196 4243 1382 4312 discriptione

234 4333 271 4399 (p.
295 4343 389 4384 cccxv
404 4333 469 4399 aql:
502 4347 536 4383 ea
565 4348 638 4383 nunc
666 4331 796 4399 leguntur
826 4333 855 4384 iu
882 4330 1056 4400 praefatione
1084 4331 1198 4385 alterius
1222 4332 1380 4387 Trinummi

234 4417 365 4473 editionis
384 4439 409 4488 p.
430 4433 507 4472 num
518 4421 570 4486 sq]
