2962 5032
445 342 710 391 uuaunnrrours
734 345 944 394 1111111111.
1203 332 1266 397 501

116 480 282 558 Qualibus
306 484 386 549 satis
410 507 448 549 ea
471 507 582 550 versus
605 486 712 551 forma
736 488 926 573 defenditur,
950 511 1047 575 quam
1070 490 1188 557 Bacch.
1203 493 1268 558 372

119 588 215 679 [404]
235 591 530 657 commendavimus
548 616 579 678 p.
594 610 675 659 cmx
691 594 793 675 [403].
818 594 1019 682 Ambiguum
1040 602 1089 662 est
1104 598 1143 662 ad
1158 603 1268 664 utrum

117 720 226 783 genus
250 699 435 783 pertineant
458 699 639 765 11111329.
675 701 794 767 Bacch.
812 703 856 767 44
882 704 965 784 [75]:

213 825 262 890 De
282 848 369 890 meo:
393 848 467 891 nam
488 827 572 910 quod
583 815 726 912 tuamet,
750 833 899 913 meumst,
923 852 1017 894 omne
1037 833 1144 895 autem
1163 825 1266 897 mium

974 940 1107 1002 tuumst.

213 1039 372 1107 Simulato
401 1064 452 1105 me
484 1044 601 1106 amare.
646 1042 764 1107 Vtrum
794 1064 855 1128 ego
879 1043 973 1109 iocon
995 1045 1028 1109 id
1052 1040 1202 1110 simulem
1226 1068 1267 1110 an

725 1230 728 1235 ⁴
975 1150 1124 1237 seri0?*)

118 1257 248 1322 Harum
279 1262 387 1322 autem
419 1257 518 1322 trium
549 1277 755 1322 caesurarum
785 1255 831 1342 (h.
855 1280 881 1322 e.
912 1258 1046 1323 duarum
1071 1259 1265 1325 vicariorum

118 1363 302 1447 tertiaeque
334 1362 514 1447 legitimae)
544 1364 572 1426 si
602 1364 656 1447 qui
685 1386 796 1428 versus
824 1365 946 1430 nullam
977 1366 1089 1449 babet,
1122 1389 1187 1431 non
1215 1371 1266 1432 est

118 1491 182 1552 pro
219 1469 405 1553 incorrupto
442 1469 627 1535 habendus:
664 1471 729 1534 nisi
766 1471 851 1555 quod
888 1472 1064 1556 singularis
1101 1476 1264 1540 excusatio

119 1575 209 1641 Trin.
223 1577 307 1640 1145
330 1580 460 1659 praesto
483 1579 534 1642 est
558 1599 577 1640 a
596 1577 779 1661 composito
799 1579 966 1663 vocabulo,
989 1581 1024 1644 in
1047 1581 1138 1646 cuius
1157 1582 1263 1665 ipsam
1277 1603 1416 1646 oonxxvr

121 1672 525 1749 commissuram'caesura
548 1683 678 1748 incidit:

210 1807 281 1872 Neri
302 1807 357 1891 qui
376 1830 444 1874 rem
463 1809 569 1895 ipsam
587 1813 699 1893 posset
718 1809 914 1895 intellegere,
933 1812 1144 1877 thensaurum
1163 1818 1264 1879 tuum.

119 1933 209 2009 Quae
240 1934 267 1997 si
296 1934 347 1999 cui
377 1934 540 2000 excusatio
564 1935 733 2000 nonsatis
757 1936 866 2020 gravis
890 1937 1052 2019 videatur,
1085 1937 1167 2001 nibil
1191 1938 1263 2003 reli-

119 2063 218 2125 quum
247 2041 345 2105 fuerit
371 2041 436 2107 nisi
462 2045 578 2126 poetae
606 2042 760 2106 nimirum
789 2043 969 2127 elegantiae
994 2044 1084 2108 velut
1106 2044 1166 2109 hoc
1190 2046 1273 2131 arti·n

118 2146 193 2212 ficio
217 2149 397 2213 consulere:

209 2271 282 2336 Neu
306 2273 362 2357 qui
385 2275 454 2336 rem
478 2295 609 2357 eampse
632 2272 821 2358 intellegere
845 2277 957 2359 pdsset
979 2275 1025 2339 th.
1048 2279 1070 2339 t.

209 2413 304 2479 Nune
327 2415 429 2501 igitur
458 2421 495 2480 ut
525 2417 565 2480 ad
596 2416 792 2500 dactylum
824 2419 955 2501 quarti
985 2417 1094 2501 pedis
1125 2417 1264 2501 redeam,

119 2523 189 2587 eius
214 2523 308 2586 venia
331 2523 437 2587 omnis
461 2527 494 2587 et
516 2523 707 2588 brevissime
726 2528 759 2587 et
778 2524 958 2589 certissime
978 2523 1025 2587 sic
1043 2523 1203 2607 definitur,
1227 2528 1264 2589 ut

118 2634 247 2694 tantum
278 2651 342 2693 non
374 2652 499 2714 semper
530 2653 602 2695 curn
633 2631 764 2714 priore
794 2651 911 2715 genere
941 2630 1080 2695 vicariae
1111 2652 1262 2695 caesurae

116 2737 308 2801 coniunctus
342 2759 411 2801 esse
443 2737 582 2819 dicatur,
614 2761 791 2822 numquam
823 2760 895 2801 curn
926 2737 1105 2821 posteriore
1135 2759 1262 2823 genere,

116 2843 185 2907 fere
208 2866 384 2927 numquam
409 2865 480 2907 eum
504 2843 652 2928 legitima
676 2866 815 2908 caesura.
862 2843 961 2909 Cuius
985 2845 1030 2910 rei
1054 2867 1169 2909 caussa
1192 2867 1260 2929 per·

117 2950 255 3034 spicitur
278 2950 476 3034 planissime.
509 2950 606 3015 'Nam
631 2952 703 3036 illa,
732 2974 828 3036 quam
858 2952 960 3016 solam
990 2974 1059 3016 esse
1089 2953 1260 3036 probatam

117 3057 199 3141 dixi,
223 3057 348 3121 ratione
372 3057 404 3121 id
428 3058 534 3141 ipsum
559 3058 699 3122 efficitur
721 3063 758 3122 ut
781 3058 823 3122 ab
846 3058 911 3122 arsi
936 3081 994 3122 sua
1013 3058 1136 3123 duabus
1156 3059 1259 3123 brevi·

115 3164 177 3228 bus
202 3163 338 3246 syllabis
358 3165 527 3250 diremptis
547 3166 723 3249 dactylicus
743 3187 894 3230 numerus
915 3166 1042 3250 aegrius
1061 3166 1260 3249 percipiatur

116 3275 151 3334 et
173 3271 409 3355 quodammodo
433 3272 537 3335 lateat
560 3293 666 3335 aures:
691 3276 806 3336 contra
825 3273 908 3337 idem
927 3273 958 3336 in
980 3294 1072 3337 aures
1093 3278 1260 3356 tamquam

116 3377 324 3462 impingitur,
357 3378 385 3441 si
414 3382 471 3442 aut
500 3377 591 3441 nullo
620 3382 676 3442 aut
699 3379 794 3442 unius
818 3379 962 3463 syllabae
986 3379 1160 3442 intervallo
1184 3383 1259 3463 post

117 3485 280 3566 dactylum
309 3507 411 3568 pausa
435 3486 472 3550 fit
496 3485 584 3550 vocis
608 3486 642 3549 in
665 3507 811 3569 caesura,
844 3508 906 3568 quo
931 3485 1073 3568 rapidior
1096 3486 1133 3548 fit
1156 3491 1189 3548 11
1212 3485 1258 3548 di·

115 3591 266 3655 stinctius
308 3592 447 3656 sentitur
487 3613 750 3677 praegressarum
789 3592 989 3675 syllabarum
1026 3591 1258 3674 pronuntiatio.

113 3697 229 3782 Itaque
259 3697 361 3762 thesis
389 3697 446 3762 illa
473 3698 631 3783 dactylica
660 3704 717 3762 aut
744 3698 776 3761 in
806 3699 962 3783 longioris
988 3698 1133 3762 vocabuli
1162 3698 1257 3763 initio

114 3803 266 3867 consistit
290 3807 355 3887 aut,
379 3805 464 3888 quod
489 3806 591 3868 multo
615 3805 813 3888 frequentius
838 3810 897 3885 est,
921 3827 983 3867 una
1006 3803 1169 3869 duabusve
1189 3805 1257 3869 bre·

114 3911 259 3975 vissimis
288 3911 412 3977 voculis
441 3911 592 3993 efficitur,
626 3933 762 3994 quarum
791 3933 829 3975 ea
858 3911 902 3974 sit
930 3911 1129 3975 constructio
1156 3916 1193 3975 ut
1216 3911 1256 3975 ad

114 4017 263 4101 proxima
286 4018 479 4101 pertineant.
525 4017 706 4082 Illiusmodi
730 4024 779 4082 est
801 4017 888 4082 Trin.
912 4018 990 4084 338:

204 4157 285 4235 Quia
308 4160 378 4224 sine
403 4161 490 4225 omni
515 4160 688 4242 militiast,
712 4161 840 4225 tolera‘re
864 4161 894 4224 ei
918 4163 1099 4246 egestatem
1123 4161 1211 4225 uolo:

112 4301 296 4366 usitatioris
326 4303 450 4367 formae
481 4302 562 4368 haec
592 4307 687 4367 sunto
718 4303 865 4386 exempla
894 4327 923 4367 v.
947 4304 1012 4368 306
1042 4302 1095 4387 (de
1126 4326 1189 4388 quo
1217 4303 1256 4369 cf.

194 4457 220 4528 *)
240 4460 263 4531 [.
275 4503 281 4514 .
294 4458 390 4514 Vtram
409 4476 455 4529 epo
473 4460 544 4514 istuc
562 4460 648 4514 idcoa’
669 4459 859 4515 adsimulem..
883 4461 982 4532 Opusc.
1001 4460 1070 4532 phil.
1092 4461 1117 4514 II
1135 4480 1162 4533 p.
1182 4463 1255 4530 3111]
