2962 5032
499 322 732 371 narnrnmcnu
756 322 948 371 unurcnrn.
1228 305 1291 370 687

243 465 349 530 Parva
372 465 449 531 licet
472 466 539 530 sint
560 466 635 550 ista,
657 470 768 531 tamen
791 465 954 530 laudanda
977 465 1141 530 voluntas:

314 572 427 637 Plaoat
449 577 482 637 et
505 595 636 641 aversos
660 573 770 639 hostia
792 595 895 658 parva
917 571 1012 637 Deos.

621 808 832 815 ·-—--..—.--—

710 967 739 1030 2.

198 1105 507 1190 Epithalamium
536 1108 573 1171 in
602 1077 809 1172 Albertum'
834 1107 967 1172 ducem
995 1105 1187 1173 Saxoniae
1215 1109 1253 1169 et

367 1230 584 1296 Victoriam
608 1232 839 1296 Britanniae
862 1229 1084 1316 reginam.*)

562 1407 593 1474 Q.
612 1407 643 1464 B.
661 1408 691 1463 F.
710 1408 741 1466 F.
760 1406 791 1462 F.
811 1406 843 1473 Q.
862 1405 889 1461 S.

197 1551 285 1634 Ergo
310 1551 464 1635 virgineis
488 1552 623 1636 sceptris
646 1573 761 1636 parere
784 1552 933 1616 iuberent

263 1657 340 1722 Divi
363 1657 545 1723 Saxonibus
569 1657 699 1723 condita
721 1678 822 1744 regna
843 1656 947 1722 viris?
1061 1735 1064 1742 Ι

198 1764 324 1830 Maesta
347 1764 578 1830 Britannorum
602 1786 682 1850 gens
705 1764 879 1829 miraretur
900 1763 1012 1829 Elisae

263 1871 492 1958 Magnanimae
515 1872 625 1956 privos
649 1876 725 1956 post
746 1873 810 1936 tria
832 1872 939 1936 saecla
961 1870 1076 1935 toros?

199 1978 401 2063 Aemulaque
424 1978 621 2043 illiusvinei
634 1978 757 2063 regina
779 1982 916 2063 negaret

263 2084 316 2150 Sic
339 2105 467 2171 quoque
489 2084 632 2149 victricis
655 2106 773 2150 nomen
797 2089 830 2149 et
853 2106 948 2149 omen
970 2083 1117 2148 habena?

198 2191 323 2277 Nempe
346 2191 554 2275 pharetratae
578 2190 689 2256 stabat
713 2191 759 2256 sic
783 2194 891 2255 menta
915 2191 1064 2255 voluntas

263 2297 397 2381 Dianae,
420 2297 526 2382 glacie
549 2297 600 2361 cui
623 2295 692 2362 fera
715 2298 814 2364 corda
835 2299 953 2382 rigent

198 2402 261 2468 Eat
284 2402 417 2488 aliquid,
440 2402 523 2468 solio
547 2402 586 2468 de
609 2425 674 2468 uno
699 2403 863 2489 geminare
886 2402 1082 2487 triumphos!

266 2509 346 2575 'Pale
369 2510 466 2575 decus
489 2510 589 2574 castis
612 2510 788 2576 inseruisse
811 2510 932 2576 choris!

199 2615 321 2681 Verum
343 2615 525 2701 Dictynnae
549 2620 615 2681 tam
640 2616 718 2681 diris
741 2617 867 2683 invidet
888 2617 977 2682 ausis
1042 2641 1046 2648 ·

263 2722 340 2789 Non
363 2745 517 2808 umquam
541 2724 625 2788 victo
648 2724 781 2788 numine
804 2709 890 2788 irata
912 2724 981 2807 dea,

197 2829 366 2914 Multaque
389 2829 555 2894 flammato
580 2828 754 2914 Cythereia
776 2828 871 2894 eorde
895 2811 1055 2911 volutans,

264 2936 348 3018 ers'd
368 2937 448 3002 male
469 2957 558 3021 sono,
582 2936 698 3021 inquit,
720 2930 797 3019 qaid
816 2957 885 3001 meo
906 2957 1003 3020 rayno
1020 2936 1125 3019 petia?

197 3043 310 3108 Nonae
330 3044 417 3129 satra,
438 3045 537 3110 socias
560 3043 616 3108 att
639 3049 689 3122 tot,
714 3043 858 3123 Latonia
880 3043 1032 3127 ayrnptroa

264 3150 410 3215 Mascula
432 3151 553 3216 devotas
574 3170 723 3234 spernere,
744 3171 845 3229 soevo,
867 3150 965 3234 iupa?

198 3257 282 3339 Quid
302 3259 388 3340 coepte
411 3260 542 3323 aramis
563 3259 708 3324 rnortatas
729 3260 854 3342 ircap'ere
874 3258 1024 3324 honores?

264 3361 378 3428 Debita
399 3365 476 3446 qaia
497 3365 610 3429 neutrale
625 3366 771 3447 praemio
791 3365 898 3446 forato
917 3365 1024 3447 ferat?

196 3469 305 3535 Iratae
326 3491 404 3554 qaae
425 3472 468 3536 so
494 3471 619 3538 Veneres
640 3473 786 3555 vindmia,
809 3477 964 3537 ammento.

264 3577 361 3643 Ocius
385 3579 472 3643 aerio
496 3578 626 3643 devolat
648 3579 706 3643 illa
728 3578 826 3661 Noto,

197 3683 322 3768 Perque
345 3708 419 3751 oras
442 3686 612 3750 hominum
635 3683 858 3768 Germanaque
882 3706 959 3749 rura
981 3686 1130 3768 vagatur:

156 3791 159 3796 ’
264 3791 357 3856 Vnde
380 3792 440 3856 tibi
464 3813 586 3877 regum,
609 3794 696 3855 terra
719 3789 888 3874 Britanna,
910 3810 1011 3875 seges.

263 4072 428 4144 '‘)[Prodiit
444 4073 558 4129 Bonnae
581 4091 616 4128 m.
635 4072 787 4128 Februario
806 4072 1161 4130 annio1o1oooomxsie
1180 4072 1296 4142 inscrip-

152 4164 225 4217 tum:
253 4162 382 4217 ‘Alberto
403 4161 605 4233 {serenissimo
628 4162 692 4217 duci
715 4160 853 4217 Saxoniae
874 4165 879 4232 1
900 4179 949 4216 suo
972 4177 1062 4230 nuper
1083 4160 1139 4216 civi
1164 4161 1295 4216 illustris-

153 4251 224 4308 simo
248 4252 254 4322 1
278 4253 438 4322 nuptiarum
459 4255 464 4320 1
485 4269 548 4306 cum
569 4251 721 4319 {Victoria
741 4254 745 4320 Ι
766 4251 966 4321 augustissima
988 4249 1150 4305 Britanniae
1173 4250 1293 4322 reginai
1399 4322 1401 4326 Α
1462 4297 1466 4304 .

152 4341 291 4396 factarum
310 4357 408 4395 caussa
429 4345 433 4408 l
454 4341 480 4396 S.
499 4341 529 4395 P.
549 4342 582 4397 D.
599 4345 603 4411 Ι
624 4357 657 4395 ex
676 4340 763 4396 animi
783 4341 923 4396 sententia
940 4339 1149 4411 gratulabunda
1164 4341 1169 4408 Ι
1184 4338 1296 4394 littera·

152 4446 215 4484 rum
233 4428 401 4484 universitas
417 4431 422 4498 Ι
439 4429 590 4485 Fridorioia
608 4429 761 4485 Guilelmia
778 4430 934 4487 Rhenana‘
969 4430 998 4487 C.
1018 4429 1077 4501 W.]
