2926 5040
479 338 741 387 nnsnnsrronrs
766 339 969 384 ensvrrnss.
1236 322 1300 386 489

164 480 228 547 eins
250 485 296 548 rei
319 484 409 547 latet.
455 481 542 547 Nam
566 482 626 546 hia
649 481 814 564 exemplis,
838 480 1215 565 quoniamprimitivam
1235 482 1302 565 qui·

114 630 116 635 -
169 587 235 655 (lem
261 590 444 676 prosodiam
470 590 522 654 ille
549 593 583 653 et
607 591 661 652 iste
684 608 776 652 voces
799 587 883 651 hanc
906 623 922 653 ,ι
941 626 961 653 o
988 587 1124 670 habent,
1148 610 1214 652 nou
1236 630 1255 655 o
1272 616 1303 671 c,

177 693 272 782 teile,
300 720 372 763 cum
402 695 576 780 incipimus
607 694 829 778 pronuntiare,
860 716 918 778 pro
949 693 1045 777 longa
1069 693 1303 777 paenultimam

182 803 346 888 ιωίρίωιιε,
376 803 497 887 qnippe
524 824 623 886 quam
650 822 710 886 pro
737 800 828 865 brevi
851 822 922 865 esse
945 801 1151 884 insequentes
1174 801 1303 864 demum

187 908 304 990 slata
326 909 478 975 doceant:
501 913 615 974 contra
638 908 817 992 praemissa
839 907 930 971 brevi
953 930 1035 991 quae
1058 907 1159 972 ictum
1183 906 1303 972 habeat

193 1014 290 1098 quatu
306 1021 372 1082 tam
393 1019 484 1081 certa
502 1016 539 1079 fit
553 1015 753 1099 insequentis
767 1014 916 1098 syllabae
930 1014 1046 1096 finitio,
1065 1019 1102 1078 ut
1119 1014 1318 1103 haesitandi·

198 1141 280 1189 canna
299 1124 401 1189 omnis
425 1123 595 1207 praeclusa
618 1122 670 1186 sit.
718 1121 821 1198 Quam
845 1126 953 1186 autem
978 1122 1147 1205 productio
1172 1121 1303 1205 paenul-

201 1228 269 1295 tinac
292 1229 506 1314 praevaluerit
536 1251 613 1313 prae
643 1229 860 1312 correptione,
890 1228 979 1292 illinc
1012 1250 1139 1311 quoque
1169 1234 1304 1312 apparet

204 1335 261 1415 nol
276 1337 357 1403 nulla
375 1358 530 1421 umquam
547 1334 723 1400 illiusmodi
743 1336 848 1398 forma
866 1334 899 1399 in
920 1335 1034 1399 ultimo
1054 1356 1203 1399 versuum
1223 1336 1304 1420 pede

205 1438 275 1507 locun
297 1440 456 1528 tabum)
500 1441 653 1525 Idemque
682 1442 716 1505 in
744 1442 817 1506 illas
849 1441 1069 1524 correptiones
1102 1441 1189 1505 cadit
1222 1464 1304 1526 quae
1319 1463 1408 1505 cccxi

208 1548 268 1614 nolu
290 1550 395 1615 allatis
422 1550 594 1615 verborum
622 1547 911 1633 compositionibus
934 1549 974 1611 de'
992 1548 1055 1624 illo,
1083 1549 1112 1612 c't
1133 1550 1189 1613 istc
1211 1549 1305 1615 valde

209 1656 359 1743 propinquae
383 1658 495 1723 eadem
518 1678 651 1742 prorsus
675 1655 800 1719 ratione
828 1658 996 1738 reguntur:
1023 1656 1077 1718 nil
1104 1656 1198 1739 ire-tris,
1225 1659 1307 1738 quo'd

114 1794 117 1801 ·
208 1758 266 1837 itte,
281 1765 327 1847 o'po
346 1766 438 1847 israe,
455 1767 522 1828 sine
539 1764 633 1844 cerreti,
651 1763 732 1842 quud
749 1782 860 1844 urrerem,
880 1762 938 1825 tibi
956 1782 1067 1843 orarum,
1087 1784 1169 1845 quae
1188 1767 1305 1829 tracta·

208 1864 276 1935 uuus
293 1895 320 1956 p.
342 1887 478 1935 cxxvlu
503 1870 596 1951 [377]
621 1873 654 1933 et
676 1892 706 1953 p.
726 1885 846 1932 cxxxn
873 1868 966 1950 [380]
979 1890 1040 1952 sq:
1069 1869 1109 1933 ad
1138 1892 1220 1953 quae
1249 1870 1306 1933 ali-

114 2008 121 2040 :-
209 1989 250 2051 l¹¹⁰
264 1977 426 2044 intervallo
449 1977 548 2040 etiam
571 1976 624 2041 se'd
644 1977 770 2038 intrim
794 1974 926 2039 accedit.

263 2081 423 2149 Cautiones
450 2081 648 2169 significavi,
675 2081 792 2165 quibus
820 2081 1046 2165 restringenda
1074 2088 1160 2146 esset
1189 2085 1305 2168 prinei-

207 2184 261 2263 pilis
280 2190 356 2276 legis
384 2189 551 2255 severitas.
597 2189 740 2264 Quarum
768 2188 822 2252 ubi
852 2187 944 2251 nulla
975 2187 1080 2252 locum
1112 2188 1223 2272 habet,
1252 2215 1305 2256 ne-

206 2287 278 2370 ws
297 2320 404 2364 eorum
427 2297 600 2362 verborum
624 2294 774 2379 intentio,
801 2295 835 2359 in
863 2295 981 2379 quibus
1003 2295 1178 2380 praecipua
1202 2298 1248 2361 vis
1273 2301 1306 2362 et

121 2422 129 2431 ·
205 2403 311 2477 mutas
333 2404 512 2470 sententiae
535 2402 679 2487 reposita
701 2409 764 2486 est,
794 2425 858 2466 non
887 2407 997 2486 potest
1018 2424 1082 2466 non
1107 2402 1178 2467 vitii
1203 2404 1304 2488 suspi-

119 2554 126 2559 -
203 2500 286 2575 b'cuern
307 2533 444 2575 movere.
480 2509 670 2575 Percurram
694 2508 814 2572 editam
838 2532 857 2572 a
880 2529 930 2571 me
953 2507 1098 2572 fabulam
1122 2514 1155 2572 et
1178 2511 1307 2593 potiora

117 2638 123 2649 '
199 2617 320 2694 lundam
330 2617 517 2703 speciminis
532 2639 646 2681 caussa
661 2617 790 2680 notabo.
815 2616 861 2679 Ae
877 2614 915 2678 de
930 2616 1055 2680 duobus
1070 2617 1225 2700 exemplis
1241 2617 1305 2681 iam

117 2728 124 2749 '·
195 2725 278 2789 nonni
296 2747 406 2809 supra:
427 2725 465 2788 de
486 2726 519 2787 u't
532 2729 620 2805 opust
639 2728 691 2785 ilo
706 2724 754 2787 ted
767 2743 827 2787 esse
840 2718 882 2805 (v.
898 2720 978 2807 311)
994 2747 1023 2806 p.
1035 2740 1191 2806 cxcrvsq.
1203 2725 1306 2806 [43st

188 2827 217 2892 de
226 2833 265 2893 ue'
272 2831 388 2915 labeus,
402 2831 453 2895 cui
465 2831 650 2915 oppositum
660 2831 742 2910 qrrod
753 2829 874 2913 babes,
888 2851 947 2913 pro
958 2830 1113 2894 sceleribus
1125 2853 1152 2893 v.
1164 2832 1225 2893 351
1241 2854 1305 2895 anr-

177 2936 332 3022 plectendo
350 2962 380 3022 p.
390 2956 505 3002 cxxxv
520 2937 623 3020 [383].
646 2936 927 3000 Perversissimum
945 2942 1015 2999 erat
1029 2938 1186 3021 supprimi
1204 2961 1231 3004 v.
1242 2940 1305 3003 388

176 3050 257 3108 muru
274 3066 458 3129 pronomen,
477 3048 574 3127 atque
594 3043 674 3106 adeo
689 3065 760 3107 cum
777 3044 892 3108 scabra
910 3046 968 3106 crit
987 3044 1072 3107 vocis
1088 3045 1306 3130 correptione:

168 3156 201 3216 et
208 3151 369 3237 praeclare
379 3148 558 3213 Hermanni
572 3149 858 3233 transpositionem
868 3150 1009 3213 Grriuins
1023 3152 1123 3215 trium
1137 3155 1196 3215 erit
1208 3154 1307 3217 riuum

165 3259 290 3324 mcum
308 3259 351 3322 ari
368 3257 436 3320 crim
449 3278 514 3321 rem
528 3278 622 3338 quum
636 3257 755 3320 rentibu-
772 3278 839 3319 runc
859 3256 1094 3321 Ambrosianus
1114 3260 1212 3324 codex
1234 3283 1307 3325 con·

161 3364 313 3431 firmavit
348 3362 424 3428 Non
448 3364 552 3427 minus
577 3363 669 3427 fortis
694 3363 857 3447 oppositio
884 3386 909 3426 v,
929 3363 992 3426 447
1018 3363 1100 3428 hanc
1124 3367 1306 3431 collocatio-

159 3495 235 3538 nem
258 3470 442 3554 requirebat
463 3470 551 3534 bomo
574 3471 625 3552 e'po
648 3492 726 3553 secere,
750 3472 783 3533 tt
801 3470 888 3534 lona
907 3493 945 3554 cs,
970 3493 1034 3535 non
1053 3471 1140 3536 lmine
1159 3475 1210 3555 r‘po
1228 3496 1307 3557 acerra,

158 3579 256 3645 bonici
282 3584 317 3641 tu
345 3599 384 3642 aa.
430 3576 469 3643 V.
492 3577 558 3642 565
580 3599 665 3640 nunc
695 3577 823 3641 demum
855 3577 946 3643 virleo
978 3602 1041 3643 non
1071 3600 1143 3662 csse,
1174 3580 1228 3643 sed
1257 3603 1308 3663 epo

156 3686 341 3753 acuendum
366 3685 478 3750 fuisse:
503 3686 547 3749 Et
568 3687 619 3768 c'po
642 3707 703 3750 esse
726 3687 864 3769 locuples
888 3688 993 3750 mirem
1018 3686 1203 3769 ueqruqrnim
1225 3688 1307 3751 reolo:

154 3817 254 3861 servo
283 3792 372 3857 enim
398 3795 502 3856 semet
523 3792 721 3856 Lesbonicus
749 3793 896 3878 opponit.
942 3793 979 3856 V.
1004 3795 1068 3857 633
1092 3798 1177 3857 recte
1201 3815 1235 3857 se
1259 3816 1308 3857 ac·

153 3908 271 3969 centus
297 3900 345 3964 ita
368 3903 496 3963 tantum
520 3899 654 3962 liabent:
684 3900 746 3980 Qui
772 3899 849 3963 ruilri
876 3900 960 3964 berec
986 3922 1077 3981 quom
1103 3901 1234 3964 utriculos
1258 3900 1307 3981 fn-

167 4183 170 4187 *
246 4113 359 4182 ⁸)lure
384 4109 473 4180 igitur
497 4114 604 4178 nostro,
630 4111 718 4165 sicubi
745 4110 773 4164 in
801 4108 992 4179 superioribus
1018 4110 1157 4180 capitibus
1183 4110 1211 4163 in
1236 4110 1308 4165 tales

153 4222 251 4261 versus
277 4199 437 4271 disputatio
461 4198 572 4267 incidit,
595 4199 624 4254 in
649 4199 748 4269 quibus
773 4216 822 4269 per
842 4200 961 4252 metrum
980 4200 1141 4269 ambiguum
1162 4201 1235 4252 esset
1252 4200 1307 4252 tro-

151 4294 276 4349 thaeum
301 4307 340 4344 an
364 4286 557 4358 pyrrhichium
582 4290 640 4356 ille,
664 4288 818 4357 spondeum
842 4304 879 4340 an
903 4286 1027 4341 iambum
1051 4289 1133 4342 istum
1156 4289 1185 4340 et
1203 4286 1309 4341 similia

149 4381 310 4445 efficerent,
330 4395 384 4447 pro
406 4377 492 4446 longa
509 4377 710 4446 paenultimam
730 4378 888 4447 accepimns
907 4376 1041 4444 quamdin
1060 4393 1114 4431 nou
1134 4376 1211 4430 alind
1230 4380 1308 4431 certa

148 4471 273 4528 rationis
295 4465 486 4538 probabilitas
503 4464 618 4521 iuberet.
