2962 5032
165 244 230 309 342
453 260 713 309 ruonnconnnn
735 260 783 307 nn
807 259 1018 308 nirronmvs

165 427 234 470 sese
258 426 369 469 versus
393 405 540 488 excipere
565 404 718 469 statueris
740 403 830 468 Haec
851 408 933 482 eunt,
955 404 985 469 si
1001 407 1078 495 reate
1095 424 1149 468 seu
1160 423 1307 485 percursa

163 512 249 593 sacta
277 516 366 576 suat:
402 510 471 593 Epo
501 531 549 574 me
576 510 682 591 fecisse
710 511 852 593 mafitear
878 534 932 574 -ε
969 510 1049 575 haec
1072 509 1175 594 igitur
1198 512 1308 576 omnia

166 640 237 682 cum
264 617 312 681 ita
342 618 421 700 sint,
453 638 651 701 consequens
683 638 751 681 esse
780 616 872 681 video
902 620 939 681 ut
966 639 985 681 a
1008 615 1153 683 Lamano
1177 624 1307 702 sumpto

165 724 355 807 pronomine
393 723 529 788 relativo
567 726 599 786 et
635 722 754 788 rationi
787 728 820 788 et
852 723 1062 788 concinnitati
1100 725 1146 789 sic
1179 724 1308 790 demum

166 830 318 896 satisfiat:

299 973 389 1039 Haec
412 976 498 1056 sunt,
521 971 549 1036 si
572 975 659 1036 reete
683 993 739 1037 seu
761 994 915 1056 peruorse
938 971 1133 1056 factasunt,

300 1080 389 1158 Quae
413 1099 473 1164 ego
496 1101 547 1143 me
570 1077 685 1143 fecisse
709 1079 872 1162 confiteor,
895 1076 1170 1164 Megaronides.*)

255 1223 396 1288 Tantum
428 1222 467 1286 de
497 1221 558 1286 his.
604 1221 655 1286 Ad
685 1242 758 1285 eum
789 1225 899 1285 autem
928 1221 1035 1285 locum
1065 1223 1308 1304 grammaticae,

166 1331 221 1416 qui
245 1335 295 1396 est
318 1330 357 1395 de
381 1328 548 1413 analogia,
580 1328 662 1393 haec
690 1328 854 1412 pertinent
876 1349 958 1413 quae
982 1327 1068 1391 infra
1090 1329 1193 1411 posui.
1240 1329 1308 1394 Pri·

166 1460 255 1502 mum
288 1436 430 1501 omnium
462 1436 514 1500 tis
537 1435 705 1519 genetivus
735 1456 793 1517 pro
826 1436 873 1498 tui
900 1435 1067 1519 praeclaro
1097 1433 1307 1500 Ambrosiani

165 1543 354 1609 testimonio
379 1547 524 1607 servatus
548 1564 577 1605 v.
593 1542 666 1606 343.
699 1539 770 1617 Qua
793 1540 899 1604 forma
922 1542 983 1605 etsi
1006 1564 1072 1606 non
1095 1541 1207 1606 dubito
1232 1543 1309 1627 quin

166 1651 270 1715 multo
294 1648 543 1732 saepius'poeta
561 1670 637 1712 usus
658 1648 708 1732 sit,
731 1650 841 1711 tamen
861 1647 1048 1712 coniectura
1067 1670 1136 1712 eam
1157 1670 1309 1713 revocare

167 1758 218 1821 vix
243 1778 397 1842 umquam
421 1755 541 1838 licebit,
564 1754 732 1839 quoniam,
771 1754 797 1817 si
821 1777 841 1817 u
863 1753 974 1838 paucis
999 1755 1155 1838 exemplis
1179 1760 1217 1820 ut
1239 1754 1308 1821 Mil.
1333 1746 1336 1752 ⁴

166 1862 223 1946 lV,
247 1862 536 1941 autecessore,
561 1861 602 1924 ad
625 1866 765 1925 metrum
788 1860 871 1924 nihil
894 1860 1030 1924 interest
1052 1863 1092 1926 tis
1115 1861 1244 1946 legatur
1268 1885 1308 1927 an

167 1971 222 2047 tui,
245 1969 331 2053 quod
354 1969 463 2052 ipsum
487 1972 519 2033 et
542 1968 741 2052 bisyllabum
765 1990 835 2032 esse
859 1971 892 2031 et
911 1968 1172 2051 monosyllabum
1192 1973 1307 2053 potest

167 2112 209 2122 -
233 2075 282 2140 De
305 2075 477 2141 masculini
501 2076 628 2160 generis
651 2075 837 2140 nominibus
861 2073 1004 2139 dubitari
1033 2075 1128 2157 solet,
1155 2097 1193 2140 ae
1216 2097 1309 2161 gene·

167 2182 226 2246 tivi
254 2183 289 2246 in
316 2188 355 2246 a‘i
381 2182 623 2247 distractionem
648 2203 726 2246 num
749 2181 872 2264 pariter
895 2185 992 2265 atque
1016 2180 1172 2245 feminina
1196 2183 1310 2248 admit·

167 2293 249 2354 tant.
307 2288 412 2354 Litem
445 2289 569 2353 dirimit
598 2288 714 2352 talium
745 2287 906 2352 evidentia
935 2287 1045 2372 qualia
1076 2294 1151 2353 sunt
1180 2311 1209 2352 v.
1243 2290 1307 2354 359

168 2397 356 2462 Charmidai
377 2397 452 2478 filio,
474 2419 503 2461 v.
520 2397 604 2462 1183
630 2395 773 2462 Gallicini
794 2391 924 2479 filia**),
948 2416 1011 2478 quo
1035 2395 1086 2457 vel
1110 2395 1250 2480 vestigia
1274 2395 1309 2459 li·

168 2505 300 2568 brorum
324 2503 459 2567 ducunt:
482 2524 558 2566 nam
582 2506 639 2567 aut
662 2518 836 2566 cnnnrssnl
860 2506 917 2565 sut
940 2518 1119 2565 aninumr:
1144 2505 1194 2565 est
1217 2502 1251 2565 in
1272 2504 1312 2580 A,

168 2612 281 2675 caliculi
298 2610 332 2674 in
346 2608 449 2675 1301).
483 2608 607 2683 Quibus
626 2608 659 2672 in
678 2629 832 2691 praesens
853 2629 950 2670 unum
974 2610 1101 2671 tantum
1126 2609 1310 2692 exemplum

168 2717 284 2783 addam
309 2739 345 2781 ex
369 2714 497 2797 Epidici
521 2715 667 2778 versibus
691 2713 733 2796 ll,
756 2714 786 2795 2,
801 2713 843 2776 59
855 2735 922 2796 sqq.
946 2714 1178 2779 turbatissimis
1203 2716 1313 2799 vulgo,

171 2825 216 2888 sic
240 2827 346 2887 autem
372 2822 579 2886 Ambrosiuni
603 2821 721 2885 codicis
745 2820 864 2884 auxilio
888 2818 1244 2907 reconcinncndis***):

30 2987 168 3027 uxxxrn
258 2965 375 3042 ‘Qua'm
398 2965 494 3029 facile
519 2969 552 3028 et
575 2985 671 3047 quani
695 2963 859 3027 fdrtunate
883 2960 937 3026 illi
961 2964 1077 3047 euenit,
1100 2965 1244 3048 obsecro,

257 3071 386 3135 Mdlieri
409 3093 505 3156 quam
528 3069 667 3135 liberare
692 3071 761 3134 ndlt
784 3075 922 3135 amator:
948 3068 1094 3154 quisnam
1120 3072 1147 3134 is
1171 3072 1259 3136 ost?’

257 3163 370 3262 Inquit
393 3178 494 3242 alteru
517 3177 579 3242 illi.
618 3178 664 3242 ibi
687 3178 744 3242 ills
767 3178 914 3241 nominat
938 3176 1213 3261 Strathippoclom

255 3285 452 3368 Periphanai
472 3283 587 3348 filium.
603 3321 637 3330 -
651 3283 769 3348 Hercle
787 3284 882 3367 perii:
907 3283 982 3366 quid
1002 3304 1062 3367 ego
1082 3289 1171 3348 exte
1191 3286 1311 3350 aridio?

168 3429 233 3492 Vbi
258 3428 407 3492 similiter
431 3445 597 3493 Pnsslnsnl
621 3428 779 3510 scriptum
804 3427 836 3489 in
860 3427 900 3488 A.
920 3463 954 3470 —
973 3425 1024 3490 Ad
1049 3425 1161 3490 eadem
1185 3450 1311 3492 mascu-

168 3536 236 3600 lina
266 3537 397 3600 nomina
428 3538 553 3620 spectat
584 3534 671 3618 quod
700 3557 729 3598 v.
753 3535 817 3599 928
849 3555 914 3597 non
943 3532 1088 3597 dubitavi
1111 3534 1311 3600 Rhadamant

257 3711 282 3781 *)
303 3712 346 3783 [In
363 3691 407 3766 ed.
427 3709 475 3766 alt.
495 3709 665 3764 Ritschelins
683 3708 793 3764 reiectis
812 3725 883 3778 quae
903 3725 966 3763 cum
986 3708 1127 3777 Parcrgon
1145 3728 1170 3778 p.
1182 3718 1233 3764 516
1253 3717 1315 3768 tuni,

168 3802 221 3856 hoc
241 3800 302 3855 loco
321 3802 504 3870 proposuerat
522 3815 585 3852 cum
604 3798 725 3868 Bergkio
745 3797 822 3853 Ceus.
842 3817 868 3868 p.
890 3804 958 3852 1136
977 3797 1163 3868 interpunxit:

239 3908 316 3962 Haec
334 3908 410 3960 sunt:
431 3905 549 3960 sirecte
568 3906 617 3958 seii
636 3921 767 3974 peruorse
787 3903 861 3958 fictu
879 3905 951 3970 sunt,
965 3905 975 3972 ll
990 3903 1048 3974 Ego
1063 3905 1107 3957 md
1127 3904 1145 3960 f.
1166 3922 1188 3959 c.
1204 3905 1240 3959 M.

169 4015 203 4068 de
232 4030 287 4082 qua
314 4014 376 4084 ipsa
403 4011 626 4082 interpunctione
653 4010 683 4065 in
710 4010 879 4065 contrariam
903 4013 1011 4080 partem
1035 4011 1122 4065 sensit
1144 4013 1233 4082 praef.
1254 4012 1312 4068 Mil.

168 4105 283 4261 8¹⁰¹·*fj
302 4103 462 4263 Fddldicletis
481 4207 545 4246 cnm
564 4190 684 4261 Bergkio
704 4190 873 4245 ltitschelius
893 4191 969 4245 dedit
987 4191 1016 4245 in
1037 4192 1080 4245 ed.
1100 4191 1160 4258 alt,
1179 4191 1227 4246 ubi
1248 4192 1313 4245 vide

170 4278 400 4351 metationem]

222 4368 279 4437 ***)
300 4368 353 4438 [cf.
374 4368 474 4438 Opusc.
494 4367 562 4438 phil.
583 4367 608 4420 ll
627 4385 653 4438 p.
673 4368 746 4438 250]
