2962 5032
488 306 755 355 mnnamonrs
779 305 987 354 vnavnman.

655 645 767 694 csevr
790 627 832 692 Π.
888 608 891 613 ’

256 772 351 836 Prius
375 775 484 835 autem
508 792 603 856 quam
633 770 673 833 ad
700 769 842 854 reliquos
867 768 992 833 codices
1015 768 1158 833 breviter
1181 790 1310 852 percen-

165 879 284 943 sendos
312 899 461 963 pergam,
493 879 527 942 in
555 879 627 961 ipsa
654 877 711 942 illa
738 877 864 961 tabula,
896 898 959 960 qua
987 876 1246 940 membranarum
1270 873 1311 938 ad

165 985 392 1049 Trinummum
416 985 632 1069 spectantium
656 985 801 1050 ordinem
821 983 987 1067 explicavi,
1010 983 1091 1047 mihi
1111 982 1208 1046 etiam
1227 1002 1311 1045 com·

168 1092 361 1156 morandum
383 1115 453 1158 esse
477 1094 589 1159 sentio.
622 1092 693 1168 Qua
715 1093 795 1157 duce
814 1092 842 1156 si
861 1113 934 1155 cum
953 1089 1194 1174 deperditarum
1212 1110 1311 1152 mem·

170 1199 343 1265 branarum
365 1199 549 1264 intervallis
573 1221 627 1263 eas
652 1198 782 1263 fabulae
804 1202 929 1283 partes,
952 1219 1034 1282 quae
1057 1197 1143 1261 inter
1166 1199 1310 1260 servatas

171 1305 293 1370 mediae
317 1309 405 1389 sunt,
433 1305 622 1389 contuleris,
649 1304 745 1370 facile
767 1305 936 1391 intelleges
960 1303 1152 1388 quibusdam
1175 1303 1209 1366 in
1232 1302 1311 1367 locis

172 1413 337 1498 aliquanto
356 1411 448 1497 plura
463 1412 716 1479 Ambrosianum
735 1412 878 1477 codicem
897 1412 1095 1476 continuisse
1114 1432 1211 1494 quam
1230 1431 1312 1494 quac

170 1520 213 1584 ibi
241 1519 339 1585 hodie
367 1520 530 1605 legimtur:
563 1519 734 1605 intelleges
763 1523 871 1584 autem
898 1519 960 1583 hoc
989 1519 1194 1601 argumento,
1227 1515 1312 1600 quod

174 1627 341 1692 universae
365 1627 434 1691 eius
453 1626 529 1691 libri
548 1627 744 1692 condicionis
764 1628 878 1692 eadem
895 1629 945 1690 est
967 1623 1182 1709 aequabilitas
1206 1627 1240 1688 et
1261 1645 1312 1688 ac-

173 1738 283 1798 curata
306 1733 522 1817 concinnitas,
550 1755 632 1818 quae
656 1734 788 1818 propria
811 1754 880 1797 esse
903 1736 972 1796 tam
996 1732 1203 1814 antiquorum
1227 1729 1311 1795 codi-

172 1862 241 1904 cum
266 1841 357 1906 solet.
389 1840 529 1905 Omnino
549 1840 635 1904 enim
653 1839 715 1904 etsi
735 1839 903 1903 Plautinas
926 1838 1055 1903 fabulas
1080 1838 1159 1901 satis
1184 1842 1313 1903 constat

170 1952 351 2032 temporum
380 1946 554 2032 iniquitate
583 1968 650 2011 non
673 1946 768 2010 modo
792 1945 928 2031 singulis
954 1966 1050 2028 saepe
1073 1944 1220 2009 versibus
1244 1966 1311 2010 cor·

170 2058 283 2138 ruptas
307 2053 428 2137 haberi,
452 2054 508 2120 sed
531 2054 659 2118 easdem
684 2054 783 2118 etiam
806 2052 942 2138 integris
965 2051 1113 2137 partibus
1131 2055 1312 2116 truncatas:

169 2164 279 2226 tamen
302 2161 365 2227 hoc
387 2162 494 2246 ipsum
519 2181 621 2246 genus
640 2161 880 2246 depravationis
898 2161 996 2244 longe
1014 2181 1111 2243 quam
1131 2159 1229 2243 vulgo
1249 2180 1312 2222 cre

172 2267 259 2333 ditur
280 2269 378 2333 latius
402 2271 502 2354 patet.
533 2268 817 2353 Amphitruonem,
836 2265 1050 2348 Aululariam,
1073 2262 1235 2348 Casinam,
1260 2262 1313 2329 Oi-

170 2375 361 2459 stellariam,
388 2374 582 2460 Bacchides,
610 2375 727 2460 quibus
752 2373 899 2439 addenda
923 2371 1068 2455 Stichus,
1090 2392 1185 2436 nemo
1209 2373 1311 2437 nescit
1325 2397 1383 2438 x1v

168 2482 214 2545 ita
233 2483 365 2547 mutilas
386 2504 466 2567 esse,
484 2487 522 2547 ut
539 2483 659 2568 integri
678 2481 730 2546 vel
750 2485 840 2547 actus
859 2481 910 2545 vel
929 2501 1064 2544 scaenae
1082 2478 1313 2562 interciderint,

168 2589 238 2653 sine
267 2589 385 2673 quibus
412 2612 453 2654 ne
476 2589 625 2674 intellegi
649 2587 778 2674 quidem
800 2610 886 2653 nunc
910 2585 1093 2672 argumenti
1116 2586 1313 2652 continuitas

170 2699 203 2758 et
235 2697 414 2781 complexio
446 2697 559 2781 possit.
609 2694 731 2762 Contra
762 2695 889 2781 integra
918 2699 1046 2778 praeter
1079 2697 1201 2758 ceteras
1234 2691 1313 2755 baec

168 2802 240 2885 ipsa
263 2803 378 2867 habita
401 2807 451 2867 est
474 2802 692 2888 Trinummus,
715 2827 732 2868 e
756 2826 820 2888 qua
842 2825 882 2867 ne
905 2825 988 2867 unus
1013 2801 1140 2886 quidem
1165 2823 1184 2864 a
1207 2820 1314 2884 gram-

170 2909 299 2973 maticis
332 2910 510 2975 versiculus
546 2911 710 2994 profertur
747 2911 825 2997 quin
862 2911 895 2974 in
929 2932 966 2974 ea
997 2909 1094 2974 hodie
1125 2908 1314 2992 reperiatur.

169 3015 275 3092 Quam
303 3015 447 3081 fabulam
475 3017 536 3082 etsi
569 3018 666 3081 talem
696 3017 803 3102 qualis
827 3018 982 3102 vulgatur
1008 3015 1155 3101 plerique
1177 3036 1243 3080 non
1265 3012 1313 3077 in-

169 3122 336 3188 commode
368 3123 601 3209 lectitavimus,
633 3128 743 3189 tamen
776 3124 833 3189 illa
861 3147 958 3209 quam
987 3122 1168 3209 significavi
1195 3121 1248 3185 via
1276 3142 1314 3184 ae

172 3230 299 3297 ratione
333 3229 546 3296 demonstrari
578 3234 688 3316 potest
719 3253 832 3316 reapse
864 3232 944 3295 satis
975 3231 1164 3296 lacunosum
1197 3224 1312 3310 esse.*)

170 3550 303 3634 Quodsi,
328 3571 424 3635 quam
443 3550 608 3615 commode
632 3551 679 3616 sic
702 3551 903 3616 instauratae
922 3550 1103 3615 Trinummi
1121 3554 1230 3634 partes
1249 3569 1314 3610 una
1328 3574 1407 3616 xxv1

170 3678 242 3721 cum
267 3657 364 3721 initio
382 3655 568 3721 Truculenti
592 3658 627 3720 in
651 3657 796 3741 singulas
819 3657 1024 3722 membranas
1047 3655 1205 3740 deperditi
1228 3676 1313 3719 nunc
1328 3681 1421 3722 xxvn

169 3764 317 3830 fasciculi
340 3762 464 3827 LVIIII
492 3763 661 3848 quadrent,
694 3768 861 3847 tamquam
890 3785 954 3828 uno
985 3764 1151 3829 oculorum
1180 3765 1314 3826 contutu

169 3872 353 3956 perspicere
376 3871 480 3954 voles,
503 3870 565 3936 hoc
588 3875 677 3936 utere
701 3872 786 3957 quod
810 3871 896 3936 infra
919 3871 1086 3955 posuimus
1111 3869 1265 3953 exemplo.

259 4154 286 4226 ¹¹)
313 4156 404 4227 [Quae
429 4155 476 4211 bic
502 4155 578 4227 (inde
606 4173 623 4210 a
648 4175 674 4226 p.
695 4155 758 4212 XIV
777 4155 849 4211 med.
877 4172 965 4224 nsque
991 4156 1026 4210 ad
1045 4172 1072 4224 p.
1092 4154 1184 4208 XXVI
1202 4154 1260 4224 fin.)
1279 4152 1314 4207 de

171 4243 328 4299 Trinummi
356 4244 462 4300 lacunis
490 4245 660 4300 Ritschelius
689 4245 893 4315 disputaverat,
920 4261 954 4298 ea
980 4245 1082 4298 iterata
1110 4246 1139 4298 et
1162 4244 1259 4312 aliqua
1281 4259 1315 4298 ex

171 4337 250 4403 parte
275 4337 430 4390 rebactata
453 4335 563 4389 suntin
582 4334 669 4405 praef.
690 4334 732 4388 ed.
752 4335 801 4390 alt.
820 4353 847 4404 p.
867 4335 919 4388 XV
938 4333 1010 4387 med.
1030 4350 1117 4402 nsque
1136 4332 1173 4387 ad
1190 4351 1217 4402 p.
1237 4331 1315 4387 XXX

172 4423 257 4495 med]

1051 4508 1103 4565 19*
