<?xml version="1.0" encoding="UTF-8"?>
<!DOCTYPE html PUBLIC "-//W3C//DTD XHTML 1.0 Transitional//EN"
    "http://www.w3.org/TR/xhtml1/DTD/xhtml1-transitional.dtd">
<html xmlns="http://www.w3.org/1999/xhtml" xml:lang="en" lang="en">
 <head>
  <title>
</title>
<meta http-equiv="Content-Type" content="text/html;charset=utf-8" />
  <meta name='ocr-system' content='tesseract 3.04.00' />
  <meta name='ocr-capabilities' content='ocr_page ocr_carea ocr_par ocr_line ocrx_word'/>
</head>
<body>
  <div class='ocr_page' id='page_1' title='image "./fridericiritsch02wachgoog_0700.png"; bbox 0 0 2962 5032; ppageno 0'>
   <div class='ocr_carea' id='block_1_1' title="bbox 551 320 1309 385">
    <p class='ocr_par' dir='ltr' id='par_1_1' title="bbox 551 320 1309 385">
     <span class='ocr_line' id='line_1_1' title="bbox 551 320 1309 385; baseline 0.003 -3"><span class='ocrx_word' id='word_1_1' title='bbox 551 337 782 385; x_wconf 76' lang='lat' dir='ltr'><strong>nrrarnrsoua</strong></span> <span class='ocrx_word' id='word_1_2' title='bbox 805 337 934 383; x_wconf 82' lang='lat' dir='ltr'><strong>annau.</strong></span> <span class='ocrx_word' id='word_1_3' title='bbox 1245 320 1309 384; x_wconf 86' lang='grc'><strong>681</strong></span> 
     </span>
    </p>
   </div>
   <div class='ocr_carea' id='block_1_2' title="bbox 163 476 1313 4510">
    <p class='ocr_par' dir='ltr' id='par_1_2' title="bbox 163 476 1313 4510">
     <span class='ocr_line' id='line_1_2' title="bbox 167 476 1313 564; baseline 0.001 -21"><span class='ocrx_word' id='word_1_4' title='bbox 167 478 386 562; x_wconf 87' lang='lat' dir='ltr'><strong>Humboldtii,</strong></span> <span class='ocrx_word' id='word_1_5' title='bbox 401 477 526 563; x_wconf 85' lang='lat' dir='ltr'><strong>Steinii,</strong></span> <span class='ocrx_word' id='word_1_6' title='bbox 544 476 796 549; x_wconf 86' lang='lat' dir='ltr'><strong>Schamhorstii.</strong></span> <span class='ocrx_word' id='word_1_7' title='bbox 825 479 937 564; x_wconf 87' lang='lat' dir='ltr'><strong>Itaque</strong></span> <span class='ocrx_word' id='word_1_8' title='bbox 957 480 1082 544; x_wconf 86' lang='lat' dir='ltr'><strong>iuvabit</strong></span> <span class='ocrx_word' id='word_1_9' title='bbox 1101 479 1194 543; x_wconf 88' lang='lat' dir='ltr'><strong>hodie</strong></span> <span class='ocrx_word' id='word_1_10' title='bbox 1215 480 1256 544; x_wconf 89' lang='lat' dir='ltr'><strong>ad</strong></span> <span class='ocrx_word' id='word_1_11' title='bbox 1274 485 1313 544; x_wconf 73' lang='lat' dir='ltr'><strong>ed</strong></span> 
     </span>
     <span class='ocr_line' id='line_1_3' title="bbox 167 585 1311 670; baseline -0.001 -18"><span class='ocrx_word' id='word_1_12' title='bbox 167 586 284 670; x_wconf 90' lang='lat' dir='ltr'><strong>optimi</strong></span> <span class='ocrx_word' id='word_1_13' title='bbox 312 585 469 669; x_wconf 87' lang='lat' dir='ltr'><strong>principis</strong></span> <span class='ocrx_word' id='word_1_14' title='bbox 492 585 638 652; x_wconf 86' lang='lat' dir='ltr'><strong>facinora</strong></span> <span class='ocrx_word' id='word_1_15' title='bbox 661 586 806 651; x_wconf 88' lang='lat' dir='ltr'><strong>animum</strong></span> <span class='ocrx_word' id='word_1_16' title='bbox 830 586 1009 669; x_wconf 88' lang='lat' dir='ltr'><strong>advertere,</strong></span> <span class='ocrx_word' id='word_1_17' title='bbox 1037 608 1118 670; x_wconf 85' lang='lat' dir='ltr'><strong>quae</strong></span> <span class='ocrx_word' id='word_1_18' title='bbox 1142 608 1215 650; x_wconf 88' lang='lat' dir='ltr'><strong>cum</strong></span> <span class='ocrx_word' id='word_1_19' title='bbox 1239 608 1311 651; x_wconf 92' lang='lat' dir='ltr'><strong>nos·</strong></span> 
     </span>
     <span class='ocr_line' id='line_1_4' title="bbox 165 691 1311 777; baseline 0 -21"><span class='ocrx_word' id='word_1_20' title='bbox 165 692 227 756; x_wconf 89' lang='lat' dir='ltr'><strong>tris</strong></span> <span class='ocrx_word' id='word_1_21' title='bbox 256 691 462 776; x_wconf 86' lang='lat' dir='ltr'><strong>potissimum</strong></span> <span class='ocrx_word' id='word_1_22' title='bbox 492 694 672 759; x_wconf 88' lang='lat' dir='ltr'><strong>rationibus</strong></span> <span class='ocrx_word' id='word_1_23' title='bbox 697 693 843 777; x_wconf 83' lang='lat' dir='ltr'><strong>proximo</strong></span> <span class='ocrx_word' id='word_1_24' title='bbox 866 693 996 758; x_wconf 90' lang='lat' dir='ltr'><strong>vinculo</strong></span> <span class='ocrx_word' id='word_1_25' title='bbox 1027 692 1199 757; x_wconf 87' lang='lat' dir='ltr'><strong>coniuncta</strong></span> <span class='ocrx_word' id='word_1_26' title='bbox 1227 698 1311 775; x_wconf 83' lang='lat' dir='ltr'><strong>sunt.</strong></span> 
     </span>
     <span class='ocr_line' id='line_1_5' title="bbox 163 797 1312 882; baseline 0 -19"><span class='ocrx_word' id='word_1_27' title='bbox 163 797 299 863; x_wconf 78' lang='lat' dir='ltr'>Etenim</span> <span class='ocrx_word' id='word_1_28' title='bbox 327 797 411 881; x_wconf 92' lang='lat' dir='ltr'><strong>quod</strong></span> <span class='ocrx_word' id='word_1_29' title='bbox 439 798 583 882; x_wconf 84' lang='lat' dir='ltr'>priorum</span> <span class='ocrx_word' id='word_1_30' title='bbox 611 803 754 864; x_wconf 87' lang='lat' dir='ltr'><strong>aetatum</strong></span> <span class='ocrx_word' id='word_1_31' title='bbox 784 799 941 863; x_wconf 89' lang='lat' dir='ltr'><strong>memoria</strong></span> <span class='ocrx_word' id='word_1_32' title='bbox 969 801 1003 862; x_wconf 88' lang='lat' dir='ltr'><strong>et</strong></span> <span class='ocrx_word' id='word_1_33' title='bbox 1031 798 1181 882; x_wconf 83' lang='lat' dir='ltr'><strong>plurimis</strong></span> <span class='ocrx_word' id='word_1_34' title='bbox 1211 804 1243 863; x_wconf 88' lang='lat' dir='ltr'><strong>et</strong></span> <span class='ocrx_word' id='word_1_35' title='bbox 1266 799 1312 863; x_wconf 93' lang='lat' dir='ltr'><strong>in-</strong></span> 
     </span>
     <span class='ocr_line' id='line_1_6' title="bbox 165 903 1311 991; baseline 0.002 -22"><span class='ocrx_word' id='word_1_36' title='bbox 165 903 365 990; x_wconf 86' lang='lat' dir='ltr'><strong>signioribus</strong></span> <span class='ocrx_word' id='word_1_37' title='bbox 388 904 543 989; x_wconf 83' lang='lat' dir='ltr'><strong>exemplis</strong></span> <span class='ocrx_word' id='word_1_38' title='bbox 567 904 685 987; x_wconf 85' lang='lat' dir='ltr'><strong>docuit,</strong></span> <span class='ocrx_word' id='word_1_39' title='bbox 708 905 740 969; x_wconf 89' lang='lat' dir='ltr'><strong>id</strong></span> <span class='ocrx_word' id='word_1_40' title='bbox 764 928 824 970; x_wconf 91' lang='lat' dir='ltr'><strong>nos</strong></span> <span class='ocrx_word' id='word_1_41' title='bbox 844 926 971 991; x_wconf 90' lang='lat' dir='ltr'><strong>quoque</strong></span> <span class='ocrx_word' id='word_1_42' title='bbox 991 905 1174 989; x_wconf 84' lang='lat' dir='ltr'><strong>experimur</strong></span> <span class='ocrx_word' id='word_1_43' title='bbox 1192 927 1311 991; x_wconf 83' lang='lat' dir='ltr'><strong>magno</strong></span> 
     </span>
     <span class='ocr_line' id='line_1_7' title="bbox 165 1011 1310 1097; baseline -0.001 -20"><span class='ocrx_word' id='word_1_44' title='bbox 165 1011 336 1078; x_wconf 89' lang='lat' dir='ltr'><strong>commodo</strong></span> <span class='ocrx_word' id='word_1_45' title='bbox 360 1014 486 1075; x_wconf 87' lang='lat' dir='ltr'><strong>nostro:</strong></span> <span class='ocrx_word' id='word_1_46' title='bbox 510 1014 555 1094; x_wconf 90' lang='lat' dir='ltr'><strong>ut,</strong></span> <span class='ocrx_word' id='word_1_47' title='bbox 579 1032 642 1095; x_wconf 92' lang='lat' dir='ltr'><strong>quo</strong></span> <span class='ocrx_word' id='word_1_48' title='bbox 666 1011 812 1076; x_wconf 77' lang='lat' dir='ltr'><strong>tristiora</strong></span> <span class='ocrx_word' id='word_1_49' title='bbox 835 1016 982 1096; x_wconf 86' lang='lat' dir='ltr'><strong>tempora</strong></span> <span class='ocrx_word' id='word_1_50' title='bbox 1005 1012 1085 1095; x_wconf 89' lang='lat' dir='ltr'><strong>sint,</strong></span> <span class='ocrx_word' id='word_1_51' title='bbox 1109 1011 1150 1076; x_wconf 88' lang='lat' dir='ltr'><strong>ad</strong></span> <span class='ocrx_word' id='word_1_52' title='bbox 1174 1034 1310 1097; x_wconf 92' lang='lat' dir='ltr'><strong>quorum</strong></span> 
     </span>
     <span class='ocr_line' id='line_1_8' title="bbox 165 1116 1309 1203; baseline 0.002 -21"><span class='ocrx_word' id='word_1_53' title='bbox 165 1116 425 1183; x_wconf 72' lang='lat' dir='ltr'><strong>emendationem</strong></span> <span class='ocrx_word' id='word_1_54' title='bbox 454 1117 564 1182; x_wconf 91' lang='lat' dir='ltr'><strong>nullae</strong></span> <span class='ocrx_word' id='word_1_55' title='bbox 595 1118 662 1183; x_wconf 91' lang='lat' dir='ltr'><strong>sint</strong></span> <span class='ocrx_word' id='word_1_56' title='bbox 690 1118 889 1202; x_wconf 89' lang='lat' dir='ltr'><strong>privatorum</strong></span> <span class='ocrx_word' id='word_1_57' title='bbox 920 1118 1086 1184; x_wconf 92' lang='lat' dir='ltr'><strong>hominum</strong></span> <span class='ocrx_word' id='word_1_58' title='bbox 1114 1124 1239 1203; x_wconf 87' lang='lat' dir='ltr'><strong>partes,</strong></span> <span class='ocrx_word' id='word_1_59' title='bbox 1272 1141 1309 1184; x_wconf 90' lang='lat' dir='ltr'><strong>eo</strong></span> 
     </span>
     <span class='ocr_line' id='line_1_9' title="bbox 164 1223 1310 1309; baseline 0.002 -21"><span class='ocrx_word' id='word_1_60' title='bbox 164 1223 296 1309; x_wconf 88' lang='lat' dir='ltr'><strong>gravior</strong></span> <span class='ocrx_word' id='word_1_61' title='bbox 320 1223 359 1288; x_wconf 90' lang='lat' dir='ltr'><strong>ad</strong></span> <span class='ocrx_word' id='word_1_62' title='bbox 383 1223 499 1289; x_wconf 91' lang='lat' dir='ltr'><strong>horum</strong></span> <span class='ocrx_word' id='word_1_63' title='bbox 519 1224 643 1290; x_wconf 89' lang='lat' dir='ltr'><strong>animos</strong></span> <span class='ocrx_word' id='word_1_64' title='bbox 664 1224 847 1309; x_wconf 88' lang='lat' dir='ltr'><strong>placandos,</strong></span> <span class='ocrx_word' id='word_1_65' title='bbox 870 1225 1094 1308; x_wconf 87' lang='lat' dir='ltr'><strong>consolandos,</strong></span> <span class='ocrx_word' id='word_1_66' title='bbox 1121 1226 1310 1292; x_wconf 87' lang='lat' dir='ltr'><strong>recreandos</strong></span> 
     </span>
     <span class='ocr_line' id='line_1_10' title="bbox 164 1329 1310 1417; baseline 0.002 -23"><span class='ocrx_word' id='word_1_67' title='bbox 164 1329 212 1395; x_wconf 91' lang='lat' dir='ltr'><strong>vis</strong></span> <span class='ocrx_word' id='word_1_68' title='bbox 237 1334 271 1394; x_wconf 90' lang='lat' dir='ltr'><strong>et</strong></span> <span class='ocrx_word' id='word_1_69' title='bbox 293 1330 437 1396; x_wconf 82' lang='lat' dir='ltr'><strong>efficacia</strong></span> <span class='ocrx_word' id='word_1_70' title='bbox 459 1351 569 1395; x_wconf 91' lang='lat' dir='ltr'><strong>eorum</strong></span> <span class='ocrx_word' id='word_1_71' title='bbox 594 1330 774 1397; x_wconf 89' lang='lat' dir='ltr'><strong>studiorum</strong></span> <span class='ocrx_word' id='word_1_72' title='bbox 798 1332 970 1416; x_wconf 89' lang='lat' dir='ltr'><strong>sentiatur,</strong></span> <span class='ocrx_word' id='word_1_73' title='bbox 993 1331 1110 1416; x_wconf 90' lang='lat' dir='ltr'><strong>quibus</strong></span> <span class='ocrx_word' id='word_1_74' title='bbox 1135 1355 1154 1395; x_wconf 90' lang='lat' dir='ltr'><strong>a</strong></span> <span class='ocrx_word' id='word_1_75' title='bbox 1178 1332 1310 1417; x_wconf 80' lang='lat' dir='ltr'><strong>lugubri</strong></span> 
     </span>
     <span class='ocr_line' id='line_1_11' title="bbox 164 1435 1311 1523; baseline 0.003 -22"><span class='ocrx_word' id='word_1_76' title='bbox 164 1435 341 1521; x_wconf 87' lang='lat' dir='ltr'><strong>eademque</strong></span> <span class='ocrx_word' id='word_1_77' title='bbox 368 1438 572 1504; x_wconf 83' lang='lat' dir='ltr'><strong>infructuosa</strong></span> <span class='ocrx_word' id='word_1_78' title='bbox 600 1459 708 1503; x_wconf 89' lang='lat' dir='ltr'><strong>rerum</strong></span> <span class='ocrx_word' id='word_1_79' title='bbox 736 1439 937 1523; x_wconf 90' lang='lat' dir='ltr'><strong>publicarum</strong></span> <span class='ocrx_word' id='word_1_80' title='bbox 966 1439 1164 1523; x_wconf 79' lang='lat' dir='ltr'><strong>cogitatione</strong></span> <span class='ocrx_word' id='word_1_81' title='bbox 1186 1439 1311 1504; x_wconf 88' lang='lat' dir='ltr'><strong>abstra-</strong></span> 
     </span>
     <span class='ocr_line' id='line_1_12' title="bbox 163 1543 1312 1611; baseline 0.002 -3"><span class='ocrx_word' id='word_1_82' title='bbox 163 1543 284 1609; x_wconf 89' lang='lat' dir='ltr'><strong>hamur</strong></span> <span class='ocrx_word' id='word_1_83' title='bbox 302 1548 335 1609; x_wconf 90' lang='lat' dir='ltr'><strong>et</strong></span> <span class='ocrx_word' id='word_1_84' title='bbox 354 1545 394 1610; x_wconf 89' lang='lat' dir='ltr'><strong>ad</strong></span> <span class='ocrx_word' id='word_1_85' title='bbox 415 1544 584 1611; x_wconf 84' lang='lat' dir='ltr'><strong>laetiorem</strong></span> <span class='ocrx_word' id='word_1_86' title='bbox 603 1544 729 1610; x_wconf 87' lang='lat' dir='ltr'><strong>vivendi</strong></span> <span class='ocrx_word' id='word_1_87' title='bbox 749 1545 969 1610; x_wconf 90' lang='lat' dir='ltr'><strong>condicionem</strong></span> <span class='ocrx_word' id='word_1_88' title='bbox 988 1544 1204 1610; x_wconf 86' lang='lat' dir='ltr'><strong>traducamur.</strong></span> <span class='ocrx_word' id='word_1_89' title='bbox 1233 1546 1312 1611; x_wconf 85' lang='lat' dir='ltr'><strong>Tale</strong></span> 
     </span>
     <span class='ocr_line' id='line_1_13' title="bbox 166 1651 1312 1736; baseline 0.003 -22"><span class='ocrx_word' id='word_1_90' title='bbox 166 1653 274 1714; x_wconf 86' lang='lat' dir='ltr'><strong>autem</strong></span> <span class='ocrx_word' id='word_1_91' title='bbox 305 1651 461 1716; x_wconf 85' lang='lat' dir='ltr'><strong>solacium</strong></span> <span class='ocrx_word' id='word_1_92' title='bbox 491 1673 508 1716; x_wconf 97' lang='lat' dir='ltr'><strong>e</strong></span> <span class='ocrx_word' id='word_1_93' title='bbox 537 1651 664 1716; x_wconf 88' lang='lat' dir='ltr'><strong>liberali</strong></span> <span class='ocrx_word' id='word_1_94' title='bbox 694 1652 813 1716; x_wconf 92' lang='lat' dir='ltr'><strong>artium</strong></span> <span class='ocrx_word' id='word_1_95' title='bbox 843 1652 1089 1736; x_wconf 81' lang='lat' dir='ltr'><strong>litterarumque</strong></span> <span class='ocrx_word' id='word_1_96' title='bbox 1116 1653 1312 1718; x_wconf 84' lang='lat' dir='ltr'><strong>tractatione</strong></span> 
     </span>
     <span class='ocr_line' id='line_1_14' title="bbox 166 1756 1311 1843; baseline 0.003 -23"><span class='ocrx_word' id='word_1_97' title='bbox 166 1756 304 1840; x_wconf 89' lang='lat' dir='ltr'><strong>petitum</strong></span> <span class='ocrx_word' id='word_1_98' title='bbox 333 1762 370 1822; x_wconf 84' lang='lat' dir='ltr'><strong>ut</strong></span> <span class='ocrx_word' id='word_1_99' title='bbox 397 1757 499 1822; x_wconf 88' lang='lat' dir='ltr'><strong>libero</strong></span> <span class='ocrx_word' id='word_1_100' title='bbox 529 1760 562 1822; x_wconf 89' lang='lat' dir='ltr'><strong>et</strong></span> <span class='ocrx_word' id='word_1_101' title='bbox 590 1757 716 1821; x_wconf 90' lang='lat' dir='ltr'><strong>liberali</strong></span> <span class='ocrx_word' id='word_1_102' title='bbox 744 1757 889 1841; x_wconf 90' lang='lat' dir='ltr'><strong>homine,</strong></span> <span class='ocrx_word' id='word_1_103' title='bbox 921 1758 947 1822; x_wconf 90' lang='lat' dir='ltr'><strong>si</strong></span> <span class='ocrx_word' id='word_1_104' title='bbox 977 1757 1106 1843; x_wconf 90' lang='lat' dir='ltr'><strong>quando</strong></span> <span class='ocrx_word' id='word_1_105' title='bbox 1134 1759 1311 1824; x_wconf 86' lang='lat' dir='ltr'><strong>necessitas</strong></span> 
     </span>
     <span class='ocr_line' id='line_1_15' title="bbox 165 1864 1309 1949; baseline 0.003 -22"><span class='ocrx_word' id='word_1_106' title='bbox 165 1867 268 1948; x_wconf 83' lang='lat' dir='ltr'><strong>urget,</strong></span> <span class='ocrx_word' id='word_1_107' title='bbox 292 1885 494 1949; x_wconf 89' lang='lat' dir='ltr'><strong>nequaquam</strong></span> <span class='ocrx_word' id='word_1_108' title='bbox 515 1864 683 1949; x_wconf 90' lang='lat' dir='ltr'><strong>indignum</strong></span> <span class='ocrx_word' id='word_1_109' title='bbox 705 1868 762 1948; x_wconf 90' lang='lat' dir='ltr'><strong>est,</strong></span> <span class='ocrx_word' id='word_1_110' title='bbox 784 1864 832 1929; x_wconf 90' lang='lat' dir='ltr'><strong>ita</strong></span> <span class='ocrx_word' id='word_1_111' title='bbox 855 1886 998 1930; x_wconf 88' lang='lat' dir='ltr'><strong>crescere</strong></span> <span class='ocrx_word' id='word_1_112' title='bbox 1021 1865 1200 1931; x_wconf 90' lang='lat' dir='ltr'><strong>multorum</strong></span> <span class='ocrx_word' id='word_1_113' title='bbox 1224 1888 1309 1931; x_wconf 91' lang='lat' dir='ltr'><strong>com·</strong></span> 
     </span>
     <span class='ocr_line' id='line_1_16' title="bbox 167 1970 1308 2056; baseline 0.002 -22"><span class='ocrx_word' id='word_1_114' title='bbox 167 1970 321 2035; x_wconf 91' lang='lat' dir='ltr'><strong>munione</strong></span> <span class='ocrx_word' id='word_1_115' title='bbox 350 1971 443 2037; x_wconf 80' lang='lat' dir='ltr'><strong>solet</strong></span> <span class='ocrx_word' id='word_1_116' title='bbox 488 1971 603 2056; x_wconf 88' lang='lat' dir='ltr'><strong>ltaque</strong></span> <span class='ocrx_word' id='word_1_117' title='bbox 631 1971 716 2055; x_wconf 91' lang='lat' dir='ltr'><strong>quod</strong></span> <span class='ocrx_word' id='word_1_118' title='bbox 744 1971 839 2037; x_wconf 91' lang='lat' dir='ltr'><strong>nobis</strong></span> <span class='ocrx_word' id='word_1_119' title='bbox 867 1971 943 2036; x_wconf 90' lang='lat' dir='ltr'><strong>lieet</strong></span> <span class='ocrx_word' id='word_1_120' title='bbox 965 1994 982 2036; x_wconf 88' lang='lat' dir='ltr'><strong>e</strong></span> <span class='ocrx_word' id='word_1_121' title='bbox 1006 1971 1154 2056; x_wconf 85' lang='lat' dir='ltr'><strong>publicae</strong></span> <span class='ocrx_word' id='word_1_122' title='bbox 1178 1973 1308 2037; x_wconf 87' lang='lat' dir='ltr'><strong>calami·</strong></span> 
     </span>
     <span class='ocr_line' id='line_1_17' title="bbox 165 2076 1308 2162; baseline 0.003 -21"><span class='ocrx_word' id='word_1_123' title='bbox 165 2077 243 2141; x_wconf 83' lang='lat' dir='ltr'><strong>tatis</strong></span> <span class='ocrx_word' id='word_1_124' title='bbox 267 2077 427 2162; x_wconf 88' lang='lat' dir='ltr'><strong>angustiis</strong></span> <span class='ocrx_word' id='word_1_125' title='bbox 452 2076 492 2142; x_wconf 91' lang='lat' dir='ltr'><strong>ad</strong></span> <span class='ocrx_word' id='word_1_126' title='bbox 519 2078 603 2143; x_wconf 91' lang='lat' dir='ltr'><strong>hanc</strong></span> <span class='ocrx_word' id='word_1_127' title='bbox 627 2077 849 2143; x_wconf 81' lang='lat' dir='ltr'><strong>honestissimi</strong></span> <span class='ocrx_word' id='word_1_128' title='bbox 873 2078 934 2143; x_wconf 91' lang='lat' dir='ltr'><strong>otii</strong></span> <span class='ocrx_word' id='word_1_129' title='bbox 957 2078 1143 2143; x_wconf 82' lang='lat' dir='ltr'><strong>laetabilem</strong></span> <span class='ocrx_word' id='word_1_130' title='bbox 1167 2079 1308 2144; x_wconf 88' lang='lat' dir='ltr'><strong>fructuo-</strong></span> 
     </span>
     <span class='ocr_line' id='line_1_18' title="bbox 165 2184 1306 2270; baseline 0.002 -23"><span class='ocrx_word' id='word_1_131' title='bbox 165 2205 298 2268; x_wconf 81' lang='lat' dir='ltr'><strong>samque</strong></span> <span class='ocrx_word' id='word_1_132' title='bbox 328 2184 518 2249; x_wconf 87' lang='lat' dir='ltr'><strong>soeietatem</strong></span> <span class='ocrx_word' id='word_1_133' title='bbox 542 2184 667 2249; x_wconf 90' lang='lat' dir='ltr'><strong>animos</strong></span> <span class='ocrx_word' id='word_1_134' title='bbox 691 2188 819 2249; x_wconf 83' lang='lat' dir='ltr'><strong>nostros</strong></span> <span class='ocrx_word' id='word_1_135' title='bbox 843 2188 1031 2270; x_wconf 85' lang='lat' dir='ltr'><strong>mentesque</strong></span> <span class='ocrx_word' id='word_1_136' title='bbox 1059 2185 1216 2269; x_wconf 88' lang='lat' dir='ltr'><strong>recipere,</strong></span> <span class='ocrx_word' id='word_1_137' title='bbox 1239 2207 1306 2249; x_wconf 82' lang='lat' dir='ltr'><strong>eas·</strong></span> 
     </span>
     <span class='ocr_line' id='line_1_19' title="bbox 166 2290 1310 2376; baseline 0.002 -22"><span class='ocrx_word' id='word_1_138' title='bbox 166 2311 227 2375; x_wconf 90' lang='lat' dir='ltr'><strong>que</strong></span> <span class='ocrx_word' id='word_1_139' title='bbox 248 2291 398 2376; x_wconf 81' lang='lat' dir='ltr'><strong>regiones</strong></span> <span class='ocrx_word' id='word_1_140' title='bbox 417 2291 522 2356; x_wconf 88' lang='lat' dir='ltr'><strong>colere</strong></span> <span class='ocrx_word' id='word_1_141' title='bbox 541 2291 573 2355; x_wconf 89' lang='lat' dir='ltr'><strong>in</strong></span> <span class='ocrx_word' id='word_1_142' title='bbox 592 2290 710 2375; x_wconf 90' lang='lat' dir='ltr'><strong>quibus</strong></span> <span class='ocrx_word' id='word_1_143' title='bbox 729 2290 793 2375; x_wconf 86' lang='lat' dir='ltr'><strong>ipsi</strong></span> <span class='ocrx_word' id='word_1_144' title='bbox 808 2291 1016 2375; x_wconf 87' lang='lat' dir='ltr'><strong>dominemur,</strong></span> <span class='ocrx_word' id='word_1_145' title='bbox 1034 2290 1155 2355; x_wconf 88' lang='lat' dir='ltr'><strong>nullius</strong></span> <span class='ocrx_word' id='word_1_146' title='bbox 1175 2291 1310 2356; x_wconf 86' lang='lat' dir='ltr'><strong>arbitrio</strong></span> 
     </span>
     <span class='ocr_line' id='line_1_20' title="bbox 166 2395 1310 2484; baseline 0.001 -22"><span class='ocrx_word' id='word_1_147' title='bbox 166 2395 300 2462; x_wconf 83' lang='lat' dir='ltr'><strong>obnoxii</strong></span> <span class='ocrx_word' id='word_1_148' title='bbox 319 2397 477 2482; x_wconf 89' lang='lat' dir='ltr'><strong>nullisque</strong></span> <span class='ocrx_word' id='word_1_149' title='bbox 496 2397 560 2462; x_wconf 89' lang='lat' dir='ltr'><strong>nisi</strong></span> <span class='ocrx_word' id='word_1_150' title='bbox 581 2397 726 2461; x_wconf 88' lang='lat' dir='ltr'><strong>veritatis</strong></span> <span class='ocrx_word' id='word_1_151' title='bbox 746 2395 903 2461; x_wconf 90' lang='lat' dir='ltr'><strong>limitibus</strong></span> <span class='ocrx_word' id='word_1_152' title='bbox 923 2397 1166 2481; x_wconf 78' lang='lat' dir='ltr'><strong>circumscripti,</strong></span> <span class='ocrx_word' id='word_1_153' title='bbox 1184 2397 1219 2461; x_wconf 92' lang='lat' dir='ltr'><strong>id</strong></span> <span class='ocrx_word' id='word_1_154' title='bbox 1237 2421 1310 2484; x_wconf 91' lang='lat' dir='ltr'><strong>pro-</strong></span> 
     </span>
     <span class='ocr_line' id='line_1_21' title="bbox 165 2501 1308 2588; baseline 0.001 -21"><span class='ocrx_word' id='word_1_155' title='bbox 165 2503 251 2570; x_wconf 84' lang='lat' dir='ltr'><strong>lecto</strong></span> <span class='ocrx_word' id='word_1_156' title='bbox 275 2504 308 2568; x_wconf 95' lang='lat' dir='ltr'><strong>in</strong></span> <span class='ocrx_word' id='word_1_157' title='bbox 331 2505 505 2588; x_wconf 88' lang='lat' dir='ltr'><strong>praeclaris</strong></span> <span class='ocrx_word' id='word_1_158' title='bbox 529 2503 713 2568; x_wconf 82' lang='lat' dir='ltr'><strong>Furoaarcr</strong></span> <span class='ocrx_word' id='word_1_159' title='bbox 737 2501 913 2568; x_wconf 77' lang='lat' dir='ltr'><strong>Gvrnaanr</strong></span> <span class='ocrx_word' id='word_1_160' title='bbox 938 2504 1102 2569; x_wconf 87' lang='lat' dir='ltr'><strong>benefieiis</strong></span> <span class='ocrx_word' id='word_1_161' title='bbox 1125 2503 1308 2569; x_wconf 88' lang='lat' dir='ltr'><strong>habendum</strong></span> 
     </span>
     <span class='ocr_line' id='line_1_22' title="bbox 164 2610 1308 2696; baseline 0.001 -22"><span class='ocrx_word' id='word_1_162' title='bbox 164 2631 236 2676; x_wconf 90' lang='lat' dir='ltr'><strong>esse</strong></span> <span class='ocrx_word' id='word_1_163' title='bbox 259 2610 312 2676; x_wconf 88' lang='lat' dir='ltr'><strong>vix</strong></span> <span class='ocrx_word' id='word_1_164' title='bbox 337 2633 489 2696; x_wconf 90' lang='lat' dir='ltr'><strong>umquam</strong></span> <span class='ocrx_word' id='word_1_165' title='bbox 513 2614 582 2676; x_wconf 91' lang='lat' dir='ltr'><strong>tam</strong></span> <span class='ocrx_word' id='word_1_166' title='bbox 607 2610 772 2676; x_wconf 88' lang='lat' dir='ltr'><strong>evidenter</strong></span> <span class='ocrx_word' id='word_1_167' title='bbox 795 2610 867 2694; x_wconf 91' lang='lat' dir='ltr'><strong>ipsa</strong></span> <span class='ocrx_word' id='word_1_168' title='bbox 891 2615 1052 2693; x_wconf 87' lang='lat' dir='ltr'><strong>tempora,</strong></span> <span class='ocrx_word' id='word_1_169' title='bbox 1080 2633 1178 2695; x_wconf 89' lang='lat' dir='ltr'><strong>quam</strong></span> <span class='ocrx_word' id='word_1_170' title='bbox 1201 2611 1235 2676; x_wconf 92' lang='lat' dir='ltr'><strong>in</strong></span> <span class='ocrx_word' id='word_1_171' title='bbox 1256 2611 1308 2675; x_wconf 92' lang='lat' dir='ltr'><strong>his</strong></span> 
     </span>
     <span class='ocr_line' id='line_1_23' title="bbox 164 2716 1307 2802; baseline -0.002 -20"><span class='ocrx_word' id='word_1_172' title='bbox 164 2739 248 2801; x_wconf 88' lang='lat' dir='ltr'><strong>quae</strong></span> <span class='ocrx_word' id='word_1_173' title='bbox 272 2716 366 2782; x_wconf 91' lang='lat' dir='ltr'><strong>hodie</strong></span> <span class='ocrx_word' id='word_1_174' title='bbox 390 2739 449 2802; x_wconf 92' lang='lat' dir='ltr'><strong>per</strong></span> <span class='ocrx_word' id='word_1_175' title='bbox 462 2717 670 2782; x_wconf 81' lang='lat' dir='ltr'><strong>Germaniam</strong></span> <span class='ocrx_word' id='word_1_176' title='bbox 694 2717 845 2782; x_wconf 88' lang='lat' dir='ltr'><strong>obtinent</strong></span> <span class='ocrx_word' id='word_1_177' title='bbox 867 2717 1016 2800; x_wconf 90' lang='lat' dir='ltr'><strong>miseriis,</strong></span> <span class='ocrx_word' id='word_1_178' title='bbox 1039 2716 1216 2782; x_wconf 88' lang='lat' dir='ltr'><strong>docuerunt</strong></span> <span class='ocrx_word' id='word_1_179' title='bbox 1238 2739 1307 2802; x_wconf 90' lang='lat' dir='ltr'><strong>per-</strong></span> 
     </span>
     <span class='ocr_line' id='line_1_24' title="bbox 166 2823 1305 2908; baseline 0 -19"><span class='ocrx_word' id='word_1_180' title='bbox 166 2827 407 2908; x_wconf 84' lang='lat' dir='ltr'><strong>suaseruntque.</strong></span> <span class='ocrx_word' id='word_1_181' title='bbox 454 2824 545 2900; x_wconf 87' lang='lat' dir='ltr'><strong>Quod</strong></span> <span class='ocrx_word' id='word_1_182' title='bbox 575 2823 763 2889; x_wconf 92' lang='lat' dir='ltr'><strong>beneficium</strong></span> <span class='ocrx_word' id='word_1_183' title='bbox 792 2823 923 2887; x_wconf 89' lang='lat' dir='ltr'><strong>tametsi</strong></span> <span class='ocrx_word' id='word_1_184' title='bbox 951 2823 1071 2888; x_wconf 85' lang='lat' dir='ltr'><strong>seimus</strong></span> <span class='ocrx_word' id='word_1_185' title='bbox 1099 2845 1165 2889; x_wconf 89' lang='lat' dir='ltr'><strong>non</strong></span> <span class='ocrx_word' id='word_1_186' title='bbox 1193 2828 1305 2889; x_wconf 90' lang='lat' dir='ltr'><strong>nostra</strong></span> 
     </span>
     <span class='ocr_line' id='line_1_25' title="bbox 164 2928 1308 3014; baseline -0.001 -19"><span class='ocrx_word' id='word_1_187' title='bbox 164 2931 295 3014; x_wconf 88' lang='lat' dir='ltr'><strong>privata</strong></span> <span class='ocrx_word' id='word_1_188' title='bbox 318 2952 432 2995; x_wconf 88' lang='lat' dir='ltr'><strong>caussa</strong></span> <span class='ocrx_word' id='word_1_189' title='bbox 455 2930 610 2995; x_wconf 90' lang='lat' dir='ltr'><strong>collatum</strong></span> <span class='ocrx_word' id='word_1_190' title='bbox 633 2952 713 3013; x_wconf 87' lang='lat' dir='ltr'><strong>esse,</strong></span> <span class='ocrx_word' id='word_1_191' title='bbox 737 2929 793 2995; x_wconf 89' lang='lat' dir='ltr'><strong>sed</strong></span> <span class='ocrx_word' id='word_1_192' title='bbox 816 2930 857 2994; x_wconf 88' lang='lat' dir='ltr'><strong>ad</strong></span> <span class='ocrx_word' id='word_1_193' title='bbox 881 2928 1024 2994; x_wconf 90' lang='lat' dir='ltr'><strong>rationes</strong></span> <span class='ocrx_word' id='word_1_194' title='bbox 1043 2929 1212 2997; x_wconf 87' lang='lat' dir='ltr'><strong>universas</strong></span> <span class='ocrx_word' id='word_1_195' title='bbox 1233 2931 1308 2996; x_wconf 90' lang='lat' dir='ltr'><strong>civi-</strong></span> 
     </span>
     <span class='ocr_line' id='line_1_26' title="bbox 165 3035 1306 3122; baseline 0.002 -21"><span class='ocrx_word' id='word_1_196' title='bbox 165 3037 255 3120; x_wconf 89' lang='lat' dir='ltr'><strong>tatis,</strong></span> <span class='ocrx_word' id='word_1_197' title='bbox 277 3036 439 3120; x_wconf 89' lang='lat' dir='ltr'><strong>eoolesiae,</strong></span> <span class='ocrx_word' id='word_1_198' title='bbox 463 3037 548 3101; x_wconf 90' lang='lat' dir='ltr'><strong>vitae</strong></span> <span class='ocrx_word' id='word_1_199' title='bbox 572 3035 770 3103; x_wconf 88' lang='lat' dir='ltr'><strong>adiuvandas</strong></span> <span class='ocrx_word' id='word_1_200' title='bbox 795 3037 1062 3121; x_wconf 87' lang='lat' dir='ltr'><strong>adornandasqne</strong></span> <span class='ocrx_word' id='word_1_201' title='bbox 1082 3042 1237 3122; x_wconf 88' lang='lat' dir='ltr'><strong>spectare,</strong></span> <span class='ocrx_word' id='word_1_202' title='bbox 1261 3042 1306 3103; x_wconf 89' lang='lat' dir='ltr'><strong>ta·</strong></span> 
     </span>
     <span class='ocr_line' id='line_1_27' title="bbox 167 3143 1308 3230; baseline 0.004 -24"><span class='ocrx_word' id='word_1_203' title='bbox 167 3164 239 3208; x_wconf 90' lang='lat' dir='ltr'><strong>men</strong></span> <span class='ocrx_word' id='word_1_204' title='bbox 267 3143 344 3226; x_wconf 91' lang='lat' dir='ltr'><strong>qnid</strong></span> <span class='ocrx_word' id='word_1_205' title='bbox 373 3144 510 3228; x_wconf 89' lang='lat' dir='ltr'><strong>impedit</strong></span> <span class='ocrx_word' id='word_1_206' title='bbox 537 3144 719 3228; x_wconf 86' lang='lat' dir='ltr'><strong>quominus,</strong></span> <span class='ocrx_word' id='word_1_207' title='bbox 742 3166 823 3229; x_wconf 88' lang='lat' dir='ltr'><strong>quae</strong></span> <span class='ocrx_word' id='word_1_208' title='bbox 846 3148 976 3230; x_wconf 89' lang='lat' dir='ltr'><strong>praeter</strong></span> <span class='ocrx_word' id='word_1_209' title='bbox 998 3144 1163 3229; x_wconf 87' lang='lat' dir='ltr'><strong>publicam</strong></span> <span class='ocrx_word' id='word_1_210' title='bbox 1188 3146 1308 3211; x_wconf 89' lang='lat' dir='ltr'><strong>utilita-</strong></span> 
     </span>
     <span class='ocr_line' id='line_1_28' title="bbox 166 3249 1309 3335; baseline 0.003 -21"><span class='ocrx_word' id='word_1_211' title='bbox 166 3253 231 3314; x_wconf 92' lang='lat' dir='ltr'><strong>tem</strong></span> <span class='ocrx_word' id='word_1_212' title='bbox 260 3249 352 3314; x_wconf 89' lang='lat' dir='ltr'><strong>illino</strong></span> <span class='ocrx_word' id='word_1_213' title='bbox 379 3250 477 3315; x_wconf 88' lang='lat' dir='ltr'><strong>etiam</strong></span> <span class='ocrx_word' id='word_1_214' title='bbox 507 3251 633 3335; x_wconf 85' lang='lat' dir='ltr'><strong>privata</strong></span> <span class='ocrx_word' id='word_1_215' title='bbox 656 3250 827 3316; x_wconf 87' lang='lat' dir='ltr'><strong>commoda</strong></span> <span class='ocrx_word' id='word_1_216' title='bbox 850 3250 1044 3335; x_wconf 77' lang='lat' dir='ltr'><strong>redundant,</strong></span> <span class='ocrx_word' id='word_1_217' title='bbox 1075 3252 1123 3316; x_wconf 89' lang='lat' dir='ltr'><strong>eis</strong></span> <span class='ocrx_word' id='word_1_218' title='bbox 1146 3255 1184 3316; x_wconf 91' lang='lat' dir='ltr'><strong>ut</strong></span> <span class='ocrx_word' id='word_1_219' title='bbox 1207 3253 1309 3317; x_wconf 89' lang='lat' dir='ltr'><strong>subsi-</strong></span> 
     </span>
     <span class='ocr_line' id='line_1_29' title="bbox 167 3357 1310 3442; baseline 0 -20"><span class='ocrx_word' id='word_1_220' title='bbox 167 3357 247 3423; x_wconf 84' lang='lat' dir='ltr'><strong>civis</strong></span> <span class='ocrx_word' id='word_1_221' title='bbox 281 3362 314 3422; x_wconf 85' lang='lat' dir='ltr'><strong>et</strong></span> <span class='ocrx_word' id='word_1_222' title='bbox 346 3357 535 3423; x_wconf 88' lang='lat' dir='ltr'><strong>adventiciis</strong></span> <span class='ocrx_word' id='word_1_223' title='bbox 569 3360 662 3441; x_wconf 83' lang='lat' dir='ltr'><strong>grato</strong></span> <span class='ocrx_word' id='word_1_224' title='bbox 697 3357 804 3421; x_wconf 90' lang='lat' dir='ltr'><strong>animo</strong></span> <span class='ocrx_word' id='word_1_225' title='bbox 837 3357 1006 3423; x_wconf 79' lang='lat' dir='ltr'><strong>fruamur?</strong></span> <span class='ocrx_word' id='word_1_226' title='bbox 1060 3358 1099 3422; x_wconf 93' lang='lat' dir='ltr'><strong>In</strong></span> <span class='ocrx_word' id='word_1_227' title='bbox 1135 3358 1310 3442; x_wconf 88' lang='lat' dir='ltr'><strong>eodemque</strong></span> 
     </span>
     <span class='ocr_line' id='line_1_30' title="bbox 167 3462 1310 3548; baseline 0.002 -20"><span class='ocrx_word' id='word_1_228' title='bbox 167 3484 285 3548; x_wconf 89' lang='lat' dir='ltr'><strong>genere</strong></span> <span class='ocrx_word' id='word_1_229' title='bbox 314 3463 343 3528; x_wconf 86' lang='lat' dir='ltr'><strong>si</strong></span> <span class='ocrx_word' id='word_1_230' title='bbox 372 3465 413 3528; x_wconf 91' lang='lat' dir='ltr'><strong>ab</strong></span> <span class='ocrx_word' id='word_1_231' title='bbox 442 3463 502 3528; x_wconf 88' lang='lat' dir='ltr'><strong>hae</strong></span> <span class='ocrx_word' id='word_1_232' title='bbox 530 3467 643 3529; x_wconf 88' lang='lat' dir='ltr'><strong>nostra</strong></span> <span class='ocrx_word' id='word_1_233' title='bbox 667 3462 834 3527; x_wconf 87' lang='lat' dir='ltr'><strong>Musarum</strong></span> <span class='ocrx_word' id='word_1_234' title='bbox 864 3464 938 3529; x_wconf 88' lang='lat' dir='ltr'><strong>sede</strong></span> <span class='ocrx_word' id='word_1_235' title='bbox 966 3465 1001 3529; x_wconf 91' lang='lat' dir='ltr'><strong>in</strong></span> <span class='ocrx_word' id='word_1_236' title='bbox 1024 3464 1106 3528; x_wconf 89' lang='lat' dir='ltr'><strong>alias</strong></span> <span class='ocrx_word' id='word_1_237' title='bbox 1131 3466 1310 3530; x_wconf 87' lang='lat' dir='ltr'><strong>communis</strong></span> 
     </span>
     <span class='ocr_line' id='line_1_31' title="bbox 166 3570 1310 3655; baseline 0.001 -20"><span class='ocrx_word' id='word_1_238' title='bbox 166 3570 293 3654; x_wconf 91' lang='lat' dir='ltr'><strong>patriae</strong></span> <span class='ocrx_word' id='word_1_239' title='bbox 308 3575 425 3655; x_wconf 77' lang='lat' dir='ltr'><strong>partes</strong></span> <span class='ocrx_word' id='word_1_240' title='bbox 450 3570 559 3635; x_wconf 89' lang='lat' dir='ltr'><strong>oculos</strong></span> <span class='ocrx_word' id='word_1_241' title='bbox 584 3570 851 3653; x_wconf 88' lang='lat' dir='ltr'><strong>converterimus,</strong></span> <span class='ocrx_word' id='word_1_242' title='bbox 879 3570 974 3655; x_wconf 87' lang='lat' dir='ltr'><strong>longe</strong></span> <span class='ocrx_word' id='word_1_243' title='bbox 999 3570 1097 3635; x_wconf 91' lang='lat' dir='ltr'><strong>etiam</strong></span> <span class='ocrx_word' id='word_1_244' title='bbox 1121 3570 1310 3636; x_wconf 79' lang='lat' dir='ltr'><strong>uberiores</strong></span> 
     </span>
     <span class='ocr_line' id='line_1_32' title="bbox 165 3675 1309 3761; baseline 0.002 -21"><span class='ocrx_word' id='word_1_245' title='bbox 165 3676 361 3741; x_wconf 89' lang='lat' dir='ltr'><strong>luculentior</strong></span> <span class='ocrx_word' id='word_1_246' title='bbox 398 3676 606 3761; x_wconf 87' lang='lat' dir='ltr'><strong>praedicandi</strong></span> <span class='ocrx_word' id='word_1_247' title='bbox 644 3676 877 3759; x_wconf 90' lang='lat' dir='ltr'><strong>venerandique</strong></span> <span class='ocrx_word' id='word_1_248' title='bbox 914 3675 1097 3741; x_wconf 79' lang='lat' dir='ltr'><strong>Fnruanlcl</strong></span> <span class='ocrx_word' id='word_1_249' title='bbox 1133 3676 1309 3743; x_wconf 77' lang='lat' dir='ltr'><strong>Gvrnnnan</strong></span> 
     </span>
     <span class='ocr_line' id='line_1_33' title="bbox 166 3781 1309 3867; baseline 0.002 -21"><span class='ocrx_word' id='word_1_250' title='bbox 166 3783 304 3847; x_wconf 89' lang='lat' dir='ltr'><strong>materia</strong></span> <span class='ocrx_word' id='word_1_251' title='bbox 328 3784 479 3866; x_wconf 88' lang='lat' dir='ltr'><strong>suppetit.</strong></span> <span class='ocrx_word' id='word_1_252' title='bbox 511 3781 657 3865; x_wconf 88' lang='lat' dir='ltr'><strong>Namque</strong></span> <span class='ocrx_word' id='word_1_253' title='bbox 676 3782 762 3846; x_wconf 87' lang='lat' dir='ltr'><strong>alma</strong></span> <span class='ocrx_word' id='word_1_254' title='bbox 781 3781 940 3846; x_wconf 86' lang='lat' dir='ltr'><strong>Rhenana</strong></span> <span class='ocrx_word' id='word_1_255' title='bbox 959 3805 1022 3866; x_wconf 93' lang='lat' dir='ltr'><strong>qno</strong></span> <span class='ocrx_word' id='word_1_256' title='bbox 1042 3788 1186 3867; x_wconf 88' lang='lat' dir='ltr'><strong>tempore</strong></span> <span class='ocrx_word' id='word_1_257' title='bbox 1207 3785 1309 3848; x_wconf 91' lang='lat' dir='ltr'><strong>muni·</strong></span> 
     </span>
     <span class='ocr_line' id='line_1_34' title="bbox 168 3886 1311 3973; baseline 0.003 -21"><span class='ocrx_word' id='word_1_258' title='bbox 168 3889 379 3953; x_wconf 88' lang='lat' dir='ltr'><strong>licentissimo</strong></span> <span class='ocrx_word' id='word_1_259' title='bbox 394 3888 484 3952; x_wconf 90' lang='lat' dir='ltr'><strong>lllius</strong></span> <span class='ocrx_word' id='word_1_260' title='bbox 504 3888 641 3952; x_wconf 91' lang='lat' dir='ltr'><strong>consilio</strong></span> <span class='ocrx_word' id='word_1_261' title='bbox 661 3886 791 3952; x_wconf 89' lang='lat' dir='ltr'><strong>condita</strong></span> <span class='ocrx_word' id='word_1_262' title='bbox 810 3891 867 3970; x_wconf 89' lang='lat' dir='ltr'><strong>est,</strong></span> <span class='ocrx_word' id='word_1_263' title='bbox 891 3888 955 3952; x_wconf 90' lang='lat' dir='ltr'><strong>iam</strong></span> <span class='ocrx_word' id='word_1_264' title='bbox 980 3889 1013 3952; x_wconf 91' lang='lat' dir='ltr'><strong>in</strong></span> <span class='ocrx_word' id='word_1_265' title='bbox 1037 3889 1126 3973; x_wconf 89' lang='lat' dir='ltr'><strong>pacis</strong></span> <span class='ocrx_word' id='word_1_266' title='bbox 1146 3891 1311 3956; x_wconf 88' lang='lat' dir='ltr'><strong>alumnam</strong></span> 
     </span>
     <span class='ocr_line' id='line_1_35' title="bbox 166 3994 1310 4080; baseline 0.005 -23"><span class='ocrx_word' id='word_1_267' title='bbox 166 3994 358 4060; x_wconf 90' lang='lat' dir='ltr'><strong>felicitatem</strong></span> <span class='ocrx_word' id='word_1_268' title='bbox 389 3999 420 4059; x_wconf 90' lang='lat' dir='ltr'><strong>et</strong></span> <span class='ocrx_word' id='word_1_269' title='bbox 452 3995 723 4080; x_wconf 87' lang='lat' dir='ltr'><strong>tranquillitatem</strong></span> <span class='ocrx_word' id='word_1_270' title='bbox 754 3995 889 4060; x_wconf 91' lang='lat' dir='ltr'><strong>bellicae</strong></span> <span class='ocrx_word' id='word_1_271' title='bbox 919 3995 1034 4060; x_wconf 89' lang='lat' dir='ltr'><strong>turbae</strong></span> <span class='ocrx_word' id='word_1_272' title='bbox 1065 4002 1229 4061; x_wconf 88' lang='lat' dir='ltr'><strong>cesserant</strong></span> <span class='ocrx_word' id='word_1_273' title='bbox 1259 4022 1310 4064; x_wconf 83' lang='lat' dir='ltr'><strong>er·</strong></span> 
     </span>
     <span class='ocr_line' id='line_1_36' title="bbox 166 4101 1312 4187; baseline 0.003 -21"><span class='ocrx_word' id='word_1_274' title='bbox 166 4123 324 4185; x_wconf 90' lang='lat' dir='ltr'><strong>oussoque</strong></span> <span class='ocrx_word' id='word_1_275' title='bbox 354 4101 497 4169; x_wconf 91' lang='lat' dir='ltr'><strong>hostium</strong></span> <span class='ocrx_word' id='word_1_276' title='bbox 526 4103 602 4187; x_wconf 88' lang='lat' dir='ltr'><strong>iugo</strong></span> <span class='ocrx_word' id='word_1_277' title='bbox 631 4124 696 4167; x_wconf 90' lang='lat' dir='ltr'><strong>non</strong></span> <span class='ocrx_word' id='word_1_278' title='bbox 719 4102 889 4186; x_wconf 88' lang='lat' dir='ltr'><strong>pristina</strong></span> <span class='ocrx_word' id='word_1_279' title='bbox 912 4104 1039 4167; x_wconf 89' lang='lat' dir='ltr'><strong>tantum</strong></span> <span class='ocrx_word' id='word_1_280' title='bbox 1063 4106 1096 4167; x_wconf 92' lang='lat' dir='ltr'><strong>et</strong></span> <span class='ocrx_word' id='word_1_281' title='bbox 1118 4103 1255 4169; x_wconf 88' lang='lat' dir='ltr'><strong>libertas</strong></span> <span class='ocrx_word' id='word_1_282' title='bbox 1279 4109 1312 4169; x_wconf 90' lang='lat' dir='ltr'><strong>et</strong></span> 
     </span>
     <span class='ocr_line' id='line_1_37' title="bbox 166 4208 1311 4295; baseline 0.002 -22"><span class='ocrx_word' id='word_1_283' title='bbox 166 4211 312 4292; x_wconf 87' lang='lat' dir='ltr'><strong>potestas</strong></span> <span class='ocrx_word' id='word_1_284' title='bbox 332 4213 529 4293; x_wconf 87' lang='lat' dir='ltr'><strong>recuperata</strong></span> <span class='ocrx_word' id='word_1_285' title='bbox 548 4214 627 4293; x_wconf 87' lang='lat' dir='ltr'><strong>erat,</strong></span> <span class='ocrx_word' id='word_1_286' title='bbox 650 4209 705 4273; x_wconf 90' lang='lat' dir='ltr'><strong>sed</strong></span> <span class='ocrx_word' id='word_1_287' title='bbox 725 4209 836 4274; x_wconf 84' lang='lat' dir='ltr'><strong>eadem</strong></span> <span class='ocrx_word' id='word_1_288' title='bbox 858 4208 950 4274; x_wconf 90' lang='lat' dir='ltr'><strong>novis</strong></span> <span class='ocrx_word' id='word_1_289' title='bbox 970 4209 1177 4275; x_wconf 86' lang='lat' dir='ltr'><strong>incrementis</strong></span> <span class='ocrx_word' id='word_1_290' title='bbox 1197 4211 1311 4295; x_wconf 88' lang='lat' dir='ltr'><strong>copiis·</strong></span> 
     </span>
     <span class='ocr_line' id='line_1_38' title="bbox 167 4314 1311 4400; baseline 0.003 -21"><span class='ocrx_word' id='word_1_291' title='bbox 167 4336 229 4398; x_wconf 88' lang='lat' dir='ltr'><strong>que</strong></span> <span class='ocrx_word' id='word_1_292' title='bbox 258 4316 430 4400; x_wconf 89' lang='lat' dir='ltr'><strong>insigniter</strong></span> <span class='ocrx_word' id='word_1_293' title='bbox 458 4320 561 4380; x_wconf 83' lang='lat' dir='ltr'><strong>aucta.</strong></span> <span class='ocrx_word' id='word_1_294' title='bbox 608 4315 654 4381; x_wconf 82' lang='lat' dir='ltr'><strong>Ar</strong></span> <span class='ocrx_word' id='word_1_295' title='bbox 682 4317 715 4380; x_wconf 92' lang='lat' dir='ltr'><strong>in</strong></span> <span class='ocrx_word' id='word_1_296' title='bbox 744 4315 919 4380; x_wconf 83' lang='lat' dir='ltr'><strong>maximam</strong></span> <span class='ocrx_word' id='word_1_297' title='bbox 949 4314 1070 4398; x_wconf 83' lang='lat' dir='ltr'><strong>Regiae</strong></span> <span class='ocrx_word' id='word_1_298' title='bbox 1103 4316 1311 4383; x_wconf 85' lang='lat' dir='ltr'><strong>liberalitatis</strong></span> 
     </span>
     <span class='ocr_line' id='line_1_39' title="bbox 166 4421 1310 4510; baseline 0.003 -23"><span class='ocrx_word' id='word_1_299' title='bbox 166 4421 416 4490; x_wconf 87' lang='lat' dir='ltr'><strong>admirationem</strong></span> <span class='ocrx_word' id='word_1_300' title='bbox 439 4423 555 4489; x_wconf 90' lang='lat' dir='ltr'><strong>merito</strong></span> <span class='ocrx_word' id='word_1_301' title='bbox 579 4422 767 4510; x_wconf 91' lang='lat' dir='ltr'><strong>abripimur,</strong></span> <span class='ocrx_word' id='word_1_302' title='bbox 791 4445 863 4489; x_wconf 87' lang='lat' dir='ltr'><strong>cum</strong></span> <span class='ocrx_word' id='word_1_303' title='bbox 886 4423 945 4489; x_wconf 87' lang='lat' dir='ltr'><strong>illa</strong></span> <span class='ocrx_word' id='word_1_304' title='bbox 968 4427 1116 4507; x_wconf 87' lang='lat' dir='ltr'><strong>tempora</strong></span> <span class='ocrx_word' id='word_1_305' title='bbox 1139 4424 1224 4508; x_wconf 89' lang='lat' dir='ltr'><strong>apud</strong></span> <span class='ocrx_word' id='word_1_306' title='bbox 1244 4427 1310 4490; x_wconf 91' lang='lat' dir='ltr'><strong>ani-</strong></span> 
     </span>
    </p>
   </div>
   <div class='ocr_carea' id='block_1_3' title="bbox 0 0 1486 5032">
    <p class='ocr_par' dir='ltr' id='par_1_3' title="bbox 0 0 1486 5032">
     <span class='ocr_line' id='line_1_40' title="bbox 0 0 1486 5032; baseline 0 0"><span class='ocrx_word' id='word_1_307' title='bbox 0 0 1486 5032; x_wconf 95' lang='lat' dir='ltr'><strong> </strong></span> 
     </span>
    </p>
   </div>
  </div>
 </body>
</html>
