2962 5032
446 289 712 339 ansanumours
736 291 942 339 uusvrrusu.
1205 274 1290 343 411..

219 433 319 519 De‘di,
341 455 509 519 reposcam
528 438 565 499 at
582 433 721 499 babeam
740 455 865 499 mecum
884 434 969 519 quod
987 434 1090 499 feram
1108 433 1272 500 uiaticum.

216 540 301 607 Dedi
323 541 495 607 mercatori
519 539 685 626 quoidam,
709 541 764 626 qui
787 541 829 606 ad
851 541 943 606 illum
967 541 1099 607 de'ferst.

219 647 303 714 Dedi
327 647 447 713 dudum
469 650 661 733 priusquam
684 670 736 714 mc
759 645 942 713 euocauisti
962 649 1059 714 foras.

218 755 304 820 Nam
328 776 390 841 ego
413 757 629 821 aestumatum
652 760 685 821 te
708 753 784 821 huic
807 755 878 821 dedi
901 754 1024 841 uiginti
1045 755 1152 838 minis,

114 897 193 963 nisi
217 898 262 963 ibi
284 919 345 981 pro
368 901 396 962 te
416 902 622 963 aestumatum
643 898 715 962 bulo
736 898 818 981 dedi,
847 897 932 982 quod
956 901 1006 962 est
1029 897 1063 962 in
1086 896 1193 980 libris,
1225 897 1273 961 sic

116 1003 239 1089 potius
269 1004 506 1071 collocandum:
543 1006 749 1070 oebtscoaotum
779 1002 850 1067 buco
879 1003 950 1067 de‘da'
979 1007 1014 1066 te.
1064 1001 1109 1067 Et
1138 1002 1273 1067 mirifice

117 1112 214 1177 hanc
240 1134 425 1178 mensuram
453 1134 643 1198 omnemque
671 1112 777 1196 legem
806 1133 826 1175 a
852 1109 947 1174 nobis
975 1110 1165 1194 indagatam
1192 1109 1272 1175 illud

121 1218 302 1284 confirmat
325 1220 419 1305 quod,
443 1242 506 1305 qua
528 1219 654 1284 ratione
678 1216 834 1301 simplicis
857 1216 932 1280 boba
954 1215 1138 1299 imperativi
1161 1239 1272 1301 proso·

122 1325 218 1390 diam
250 1327 465 1410 compositum
496 1325 595 1391 baben
627 1327 749 1408 servat,
782 1321 893 1387 eadem
925 1323 1036 1387 clodia
1068 1322 1190 1387 dictum
1223 1328 1273 1389 est

124 1431 255 1496 duabus
279 1431 431 1496 brevibus
454 1430 549 1516 Epid.
573 1430 612 1514 V,
635 1432 665 1513 2,
688 1430 744 1495 38:

220 1572 325 1638 De'din
348 1574 408 1639 tibi
431 1574 535 1639 minda
558 1573 695 1658 triginta
718 1572 759 1637 ob
782 1570 914 1636 filiam?
950 1570 1069 1636 Fateor
1092 1572 1232 1660 datas.*)

124 1714 184 1781 Ab
216 1715 268 1780 his
300 1720 422 1800 antem,
454 1737 538 1800 quac
565 1719 641 1780 sunt
668 1714 864 1797 certissima,
896 1714 1056 1798 proficisci
1085 1713 1125 1780 ad
1148 1716 1272 1781 rariora

125 1822 290 1908 quaedam
312 1822 451 1888 tutanda
472 1822 595 1887 licebit:
619 1844 695 1885 nam
715 1843 790 1886 rara
809 1843 962 1887 essenon
982 1827 1032 1886 est
1049 1821 1177 1905 mirum,
1200 1844 1272 1887 cum

125 1933 261 2013 praeter
284 1929 400 1994 allatas
423 1927 544 1993 formas
568 1927 765 2013 paucissima
787 1929 822 1992 in
845 1927 916 2012 ipsa
939 1927 1053 2012 lingua
1075 1927 1198 1993 similia
1220 1951 1272 1994 ex·

125 2034 239 2119 empla
262 2037 397 2100 exstent
441 2032 555 2118 Itaque
577 2054 636 2097 nec
659 2034 743 2098 cloto
771 2033 1001 2117 imperativum
1023 2056 1110 2100 nunc
1132 2035 1272 2101 sollicito

125 2141 247 2207 Bacch.
270 2140 297 2227 1,
323 2143 350 2225 1,
373 2141 431 2207 51:

219 2282 305 2350 Dato
328 2282 383 2367 qui
405 2283 487 2348 benc
511 2282 568 2348 sit:
601 2283 675 2367 ego,
702 2282 757 2347 ubi
782 2282 863 2348 bene
886 2237 942 2366 sit,
971 2281 1037 2348 tibi
1061 2274 1168 2349 locum
1190 2285 1269 2369 lepi-

981 2391 1057 2456 dum
1081 2391 1179 2457 dabo:

128 2556 190 2599 nec
220 2534 307 2598 dart
337 2531 533 2599 obstinatius
562 2552 647 2617 nego
676 2532 793 2617 corripi
817 2532 961 2616 potuisse
984 2532 1067 2597 Rud.
1090 2531 1148 2619 IV,
1171 2535 1205 2618 3,
1225 2509 1273 2600 '20

132 2640 220 2726 (coll.
244 2638 380 2723 Adelph.
402 2637 462 2723 111,
476 2638 507 2721 2,
524 2640 572 2704 13.
596 2638 725 2704 Phorm.
749 2635 922 2724 11,1‚31):
945 2637 1008 2704 hoo
1031 2642 1140 2705 autem
1162 2642 1273 2707 nescio

129 2769 175 2811 an
199 2747 246 2811 uti
268 2746 365 2811 liceat
393 2744 433 2809 ad
455 2748 540 2827 poti
568 2744 802 2809 defendendum
826 2745 860 2808 in
884 2745 991 2810 Aulul.
1013 2744 1072 2831 IV,
1094 2746 1129 2832 9,
1155 2748 1208 2832 16,
1241 2752 1274 2814 et

130 2856 216 2938 loqur
239 2853 272 2919 in
296 2851 414 2918 Bacch.
437 2851 476 2937 V,
503 2854 530 2937 1,
554 2849 670 2938 18**):

222 2993 318 3062 Certe
339 2992 394 3060 hic
417 3017 517 3080 prope
541 3017 591 3060 me
615 2995 695 3059 mihi
718 2995 828 3062 nescio
851 2996 923 3080 quis
946 2996 1035 3080 loqui
1059 2995 1171 3062 uisust.
1217 2999 1273 3063 sed

983 3125 1077 3188 quem
1100 3101 1219 3170 uideo?

130 3246 338 3329 Quamquam
360 3266 426 3309 non
449 3243 702 3309 obliviscendum
725 3246 758 3308 in
783 3244 989 3310 liberioribus
1012 3245 1092 3312 haec
1115 3268 1184 3312 esse
1208 3269 1272 3312 me·
1287 3263 1383 3305 oum

128 3351 190 3418 tris
214 3351 331 3416 omnia.

219 3457 392 3522 Praeterea
415 3456 685 3541 quemadmodum
708 3457 893 3542 ecthlipsim
917 3481 989 3523 cum
1008 3459 1203 3544 nominibus,
1226 3460 1274 3525 ita

130 3587 204 3631 cum
222 3564 330 3630 verbis
349 3563 434 3629 banc
452 3563 688 3648 correptionem
712 3564 928 3648 particulae
953 3565 1109 3649 quaedam
1133 3569 1166 3629 et
1188 3565 1273 3630 bre-

130 3672 282 3737 viculas
309 3671 469 3736 voculae
497 3671 583 3736 vitae
607 3694 667 3735 usu
691 3670 827 3735 detritae
851 3692 1054 3737 communem
1077 3671 1271 3756 habuerunt,

131 3777 211 3842 item
240 3777 316 3842 illae
345 3781 378 3842 et
404 3777 585 3861 bisyllabae
616 3781 649 3842 et
676 3776 910 3861 paenultimam
943 3778 1073 3841 brevem
1106 3778 1272 3843 habentes.

131 3882 218 3949 Nam
242 3906 316 3950 cum
335 3905 462 3969 semper
480 3888 629 3966 correpta
646 3883 762 3948 ultima
784 3885 860 3949 alai
882 3885 990 3966 qrcosc'
1012 3885 1126 3967 modo,
1149 3886 1182 3948 et
1204 3885 1273 3948 co'r·

132 4047 185 4054 ..-

238 4131 263 4200 ’)
284 4130 338 4202 [Ex
356 4129 530 4185 Addendis
554 4147 580 4198 p.
601 4143 754 4184 cccxxvn:
781 4130 827 4183 ‘in
845 4129 955 4199 Epidici
979 4146 1062 4184 versu
1086 4129 1191 4184 excidit
1212 4146 1272 4199 epo:

131 4219 226 4274 Dedin
249 4220 301 4274 tibi
323 4235 371 4289 epo
391 4219 482 4273 minas
505 4219 634 4286 triptota:
663 4235 762 4286 parum
785 4219 859 4273 euim
882 4217 1089 4289 probabilitatis
1112 4217 1272 4273 habiturum

131 4307 169 4362 sit
186 4324 221 4362 ax
239 4309 332 4376 dedic,
349 4324 400 4379 pro
419 4325 475 4376 quo
493 4308 577 4363 didon
595 4307 631 4376 B,
649 4305 779 4361 effectum
798 4307 929 4381 dodina']

222 4396 265 4468 **)
284 4395 335 4468 [Cf.
354 4399 450 4454 annot.
469 4395 505 4451 ad
523 4397 597 4452 bunc
615 4396 748 4467 versum]
