2962 5032
390 334 649 387 nunuusrroms
669 336 874 386 rnlvrnrss.
1146 320 1209 387 307

38 478 206 562 apposui
234 478 297 545 hoc
325 480 475 564 consilio,
504 485 542 546 ut
569 504 607 548 eo
635 505 765 567 possem
793 482 967 567 aliquando
995 504 1054 566 pro
1084 483 1155 566 ipso
1178 482 1212 548 D

41 571 173 650 ineis
197 583 318 651 fabulis
342 588 399 671 uti,
422 588 457 652 in
479 589 597 672 quibus
620 611 686 655 nou
704 593 854 675 paratam
872 589 1025 653 haberem
1044 587 1211 655 Vrsiniani

53 691 282 759 eodafionem.
325 693 388 770 Qui
411 716 508 778 quam
527 696 644 782 exiguo
669 701 726 761 aut
747 696 980 782 propemodum
1005 696 1093 761 nullo
1113 697 1210 761 inter·

55 798 155 863 vallo
183 799 269 864 inter
297 822 332 864 se
360 800 495 886 distent,
523 803 693 868 ostendere
717 803 798 868 talia
820 807 957 887 possunt
979 803 1088 887 qualia
1111 802 1211 867 habes

63 924 97 969 v.
119 906 186 970 303
203 927 264 988 pro
286 907 383 990 obpro,
405 908 471 974 398
494 908 550 993 bis,
576 910 640 974 411
664 909 760 994 tristis,
783 910 848 974 532
870 909 966 991 inops
983 909 1123 993 terrendo,
1146 909 1209 973 877

65 1012 153 1094 casce,
175 1014 378 1097 geminatum
401 1039 431 1080 v.
455 1016 517 1081 761
546 1016 636 1100 milri,
663 1040 692 1081 v.
718 1017 781 1082 748
805 1038 822 1080 e
853 1002 1013 1102 depdpitos
1027 1020 1141 1081 natum
1163 1018 1210 1081 de-

58 1120 198 1222 pupitafi
244 1118 392 1207 Denique
415 1121 456 1187 ad
480 1122 565 1187 idem
589 1143 704 1207 genus,
728 1127 764 1186 ut
786 1105 1031 1202 mittam'alios,
1054 1123 1109 1188 ille
1129 1124 1212 1187 liber

67 1226 266 1310 referendus,
294 1250 389 1312 quem
412 1228 564 1294 Nlconm
587 1228 739 1296 Nlcconl
768 1251 866 1294 manu
890 1229 1045 1314 scriptum
1068 1230 1102 1294 in
1125 1229 1210 1294 Mar-

66 1333 160 1398 ciana
190 1356 274 1418 quae
301 1333 485 1400 Florentiae
515 1340 564 1401 est
594 1336 799 1420 bybliotheca
821 1335 1014 1402 Laurentius
1043 1335 1210 1401 Mebusius

67 1440 148 1504 vidit
178 1445 212 1505 et
245 1441 279 1506 in
308 1442 512 1526 praefatione
541 1443 581 1507 ad
611 1443 779 1508 Ambrosii
810 1442 1013 1509 Traversarii
1042 1442 1149 1526 Epist
1179 1447 1212 1506 et

66 1551 146 1612 orat
170 1569 203 1631 p.
224 1547 333 1614 XLIII
355 1549 527 1635 diligenter
555 1550 737 1634 descripsit:
765 1551 848 1615 unde
870 1551 903 1615 ni
927 1550 1025 1615 fallor
1047 1548 1211 1633 profectus

64 1654 247 1739 principem
275 1654 384 1721 Plauti
412 1656 585 1723 editionem
613 1657 779 1723 Fabricius
808 1657 892 1722 Bibl.
920 1658 977 1723 lat.
1006 1682 1036 1742 p.
1067 1658 1107 1722 15
1134 1657 1212 1722 Ern.

64 1761 155 1827 nullo
186 1765 378 1847 argumento
406 1762 489 1829 dixit
516 1785 534 1828 e
561 1763 750 1831 Florentino
781 1764 889 1830 codice
918 1786 1102 1848 expressam
1133 1785 1212 1829 esse.

152 1868 296 1935 Transeo
320 1869 361 1934 ad
384 1874 529 1936 correcta
551 1872 758 1956 exemplaria,
781 1893 918 1956 quorum
942 1871 1086 1936 indolem
1110 1873 1144 1935 et
1161 1894 1212 1935 ra-

63 1974 188 2041 tionem
212 1977 399 2041 summatim
423 1976 578 2062 descripsi
597 1978 636 2043 de
656 1979 731 2043 crisi
749 1977 796 2043 Pl.
815 2002 845 2062 p.
863 1979 925 2043 172
936 2001 1004 2063 sqq.
1022 1981 1078 2059 [=
1093 1976 1212 2063 Opusc.

61 2082 143 2168 phil.
171 2082 205 2148 ΙΙ
235 2107 266 2168 p.
295 2084 338 2148 23
353 2087 447 2169 sqq.].
499 2086 546 2149 Ac
576 2085 716 2169 primum
747 2086 928 2172 corrigendi
959 2107 1090 2170 operam
1122 2084 1211 2149 illam

63 2190 231 2256 sciendum
255 2197 306 2257 est
326 2213 393 2257 nou
416 2192 554 2257 aliorum
573 2193 606 2257 in
626 2192 700 2257 aliis
719 2193 883 2258 codicibus
904 2192 1002 2257 aliam
1021 2192 1130 2275 fuisse,
1154 2190 1210 2255 scd

62 2296 164 2362 semel
187 2297 231 2363 ab
254 2320 318 2364 uno
337 2299 447 2382 aliquo
467 2299 579 2364 critico
599 2305 782 2384 susceptam
801 2305 835 2365 et
852 2300 1039 2384 perfectam,
1063 2299 1117 2383 qui
1137 2319 1209 2362 con-

62 2404 163 2470 sulito
191 2405 250 2469 illa
277 2410 383 2471 aetate
411 2428 501 2471 more
530 2428 568 2470 ac
595 2406 729 2472 consilio
754 2407 876 2491 optime
899 2407 962 2471 sibi
986 2404 1149 2471 videretur
1171 2426 1210 2467 ea

62 2534 98 2576 re
122 2511 163 2576 de
180 2511 298 2577 Plauto
322 2516 355 2576 et
379 2513 473 2578 bonis
497 2513 616 2579 litteris
640 2512 822 2577 meriturus.
860 2512 940 2589 Quis
959 2512 1057 2576 fuerit
1075 2512 1129 2596 qui
1148 2510 1210 2574 hoc

61 2619 244 2703 praestitit,
276 2619 458 2703 ignoratur:
490 2619 529 2683 de
560 2620 725 2685 Aurouro
757 2617 978 2700 Panormus,
1010 2617 1120 2682 Plauti
1152 2616 1210 2680 illo

61 2724 317 2809 studiosissimo,
339 2729 436 2812 atque
464 2726 544 2792 adeo
568 2748 759 2792 scaenarum
783 2725 983 2810 quarundam
1010 2724 1210 2789 noviciarum

61 2834 238 2918 scriptore,
270 2855 367 2918 quam
394 2833 414 2898 l.
443 2856 468 2899 s.
498 2855 522 2898 s.
550 2855 580 2917 p.
610 2835 671 2898 177
702 2836 758 2914 [==
782 2833 839 2913 30]
868 2831 1085 2897 coniecturam
1113 2853 1210 2896 ausus
1225 2855 1316 2895 xsvn

63 2963 147 3024 sum,
169 2962 244 3005 eam
265 2962 307 3005 ne
329 2962 413 3005 nunc
436 2939 566 3024 quidem
589 2939 695 3005 babeo
719 2940 773 3025 qui
797 2939 922 3003 firmius
947 2960 1043 3022 quam
1066 2937 1209 3001 Merulae

61 3047 251 3113 testimonio
275 3047 506 3131 commendem,
535 3046 619 3112 ‘sive
643 3047 819 3111 mandante
842 3045 980 3110 Nicolao
1005 3044 1124 3120 Quinto
1147 3043 1210 3109 Ro·

61 3176 160 3219 manc
184 3154 337 3238 pontifice
361 3154 428 3218 sire
452 3153 621 3237 Alphonso
645 3172 722 3236 rege
742 3150 897 3237 Apuliac'
921 3150 1153 3216 incredibiliter
1176 3152 1209 3215 iu
1238 3160 1243 3173 ‘

60 3259 216 3326 Plautum
240 3261 398 3327 saevitum
424 3282 493 3325 esse
517 3260 689 3344 querentis.
728 3259 836 3343 Atque
856 3258 934 3323 adeo
960 3259 1062 3343 magis
1083 3280 1120 3323 eo
1140 3258 1208 3322 ani-

61 3390 135 3434 mus
158 3367 308 3452 inclinat,
335 3368 505 3452 utipsum
528 3365 625 3431 fuisse
649 3365 812 3431 Pouelvu
835 3364 972 3447 credam,
996 3387 1068 3429 cum
1092 3370 1124 3428 et
1147 3364 1208 3428 Ro·

60 3497 135 3540 mae
163 3475 370 3560 potissimum
398 3478 494 3559 atque
516 3472 713 3556 Florentiae,
740 3494 806 3536 non
829 3470 969 3555 Neapoli
993 3475 1208 3535 correctorum

61 3581 238 3647 multitudo
265 3582 485 3665 exemplorum
514 3584 632 3657 exstet,
662 3583 696 3643 et
723 3578 891 3643 consilium
923 3579 1009 3640 certe
1038 3577 1085 3640 rei
1115 3577 1207 3658 perfi-

60 3688 195 3753 ciendae
218 3688 273 3752 ille
296 3688 423 3771 ipsein
446 3709 486 3752 ea
508 3689 601 3771 parte
623 3685 835 3770 epistularum
860 3683 1025 3767 professus
1050 3683 1103 3764 slt,
1126 3705 1208 3766 quae

60 3796 152 3860 solae
180 3794 286 3859 adbuc
315 3795 420 3860 lucem
448 3790 643 3877 viderunt.*)
689 3789 742 3856 Sic
771 3791 857 3855 enim
886 3790 961 3853 libri
990 3787 1037 3852 IV
1066 3789 1159 3872 epist.
1186 3789 1207 3852 4

62 3902 190 3966 scribit:
214 3899 329 3966 ‘Liber
352 3906 402 3966 est
420 3901 487 3965 illis
506 3900 623 3965 litteris
643 3900 787 3982 antiquis
807 3897 978 3980 corruptis,
1002 3897 1113 3979 quales
1133 3901 1209 3960 suut

61 4006 269 4085 Quintiliani,
296 4011 330 4072 et
357 4007 461 4072 multa
488 4008 521 4071 in
551 4007 663 4071 multis
692 4006 817 4069 desunt.
863 4002 936 4067 Non
960 4002 1077 4067 faciam
1101 4007 1207 4067 trans-

61 4115 170 4197 scribi,
192 4114 271 4180 nisi
295 4115 404 4199 prius
428 4114 520 4178 illas
543 4113 674 4197 legero
699 4115 813 4196 atque
838 4109 1103 4174 emendavero:
1133 4131 1207 4172 nam

61 4221 125 4285 nisi
156 4221 218 4287 viri
248 4220 367 4285 erudIti
397 4243 494 4285 manu
522 4220 718 4300 scribantur,
746 4217 851 4282 inanis
880 4217 942 4280 erit
965 4213 1077 4279 labor?
1123 4213 1206 4278 Item

152 4450 180 4518 *j
200 4450 254 4521 [cr.
274 4449 361 4519 prael.
381 4449 439 4504 Mil.
459 4449 529 4518 glor.
548 4467 574 4517 p.
596 4447 658 4500 XVI
673 4445 746 4516 sqq]

939 4530 995 4588 20*
