2962 5032
437 368 701 427 nnaunumoms
726 374 933 424 annuemus.
1192 356 1257 423 499

106 519 255 585 cernatis
277 521 413 606 dactylis
438 542 563 607 augere.
596 522 709 606 Itaque
728 545 793 586 non
813 521 917 605 magis
937 520 1088 604 consequi
1108 520 1258 604 dactylus

105 628 148 690 in
171 629 284 711 quinto
307 628 387 712 pede
410 629 518 711 potuit
540 628 627 692 'l'rin
651 629 731 694 338:

206 769 288 847 Quia
312 770 380 835 sine
405 771 494 835 omni
517 771 689 854 molitiast,
712 772 852 836 tolerare
876 771 904 834 ei
928 773 1106 856 egestatem
1130 771 1215 854 uolo,

109 911 187 997 (ubi
215 917 243 976 si
271 936 334 978 non
364 918 414 977 est
436 919 594 996 apostatem
615 915 644 978 ei
666 913 956 999 transponendum,
984 913 1018 977 in
1042 935 1139 978 unam
1162 912 1258 996 sylla·

107 1019 190 1082 bam
213 1040 258 1082 re
280 1022 308 1084 ei
329 1041 356 1083 e·
381 1021 565 1107 coalescunt
587 1018 856 1106 pronuntiandoz)
886 1037 984 1104 quam
1012 1018 1202 1103 praecedere
1225 1019 1260 1083 in

108 1126 212 1189 tertio
236 1125 316 1210 pede
339 1126 457 1191 Bacch.
481 1129 542 1192 531
566 1128 673 1208 [563]:

204 1265 289 1343 Qus?
312 1268 372 1332 tibi
396 1291 461 1334 non
485 1272 555 1334 erot
578 1270 782 1335 meretricum
807 1270 945 1366 aliorum
970 1268 1108 1333 Athenis
1133 1269 1237 1351 copia.

111 1409 180 1484 Qui
203 1431 315 1474 versus
339 1433 412 1475 cum
435 1412 678 1497 quadruplicem
702 1412 990 1496 transpositionem
1014 1410 1179 1474 admittat:

206 1549 268 1626 Qui
289 1575 355 1617 non
378 1555 585 1619 meretricum
609 1555 672 1618 tibi
696 1555 833 1619 aliarum
858 1557 929 1619 orat
951 1553 990 1617 A.
1014 1575 1039 1617 c.

207 1656 272 1733 Qui
292 1681 359 1724 non
381 1660 520 1724 aliarum
543 1661 605 1726 tibi
628 1662 832 1725 meretricum
856 1663 925 1724 orat
949 1661 987 1725 A.
1012 1682 1037 1725 c.

209 1763 274 1840 Qui
294 1766 356 1830 tibi
378 1788 442 1831 non
467 1768 603 1832 aliorum
628 1767 833 1832 meretricum
858 1769 927 1832 e'rat
952 1767 989 1831 A.
1012 1789 1038 1831 c.

205 1869 270 1946 Qui
289 1872 351 1936 tibi
375 1895 441 1937 non
465 1872 670 1938 meretricum
694 1873 831 1937 aliarum
855 1875 927 1937 orat
950 1874 988 1938 A.
1008 1896 1046 1937 c:

111 2015 179 2078 etsi
198 2014 313 2079 horum
334 2016 553 2100 exemplorum
572 2017 697 2080 nullum
717 2020 766 2079 est
785 2016 875 2079 cuius
894 2036 958 2079 non
977 2015 1097 2079 similia
1117 2037 1184 2099 cap.
1198 2015 1260 2080 XV

113 2121 359 2206 protulerimus,
381 2125 491 2186 tamen
515 2123 630 2187 ceteris
653 2123 762 2186 nescio
786 2145 827 2186 an
852 2127 885 2185 et
909 2121 1127 2206 simplicitatis
1147 2126 1179 2185 ct
1199 2124 1259 2186 ele-

112 2227 248 2311 gantiae
272 2228 366 2291 laude
389 2234 539 2312 quartum
559 2233 702 2312 praestet
721 2251 793 2293 cum
814 2229 936 2293 usitato
955 2228 988 2290 in
1009 2248 1141 2292 caesura
1159 2224 1260 2311 hiatu,

111 2333 279 2417 triplicato
305 2339 414 2399 autern
438 2336 479 2399 ab
503 2336 597 2400 initio
621 2336 759 2420 dactylo.

206 2439 245 2504 ln
268 2441 339 2525 ipso
363 2446 471 2506 autern
495 2447 613 2526 quarto
642 2443 860 2526 septenarii
882 2442 964 2526 pede
988 2446 1024 2505 ut
1048 2443 1163 2526 quibus
1187 2464 1259 2507 con·

113 2546 298 2612 dicionibus
322 2548 442 2632 dactyli
467 2571 544 2613 usus
568 2550 721 2614 astrictus
742 2550 786 2613 sit
803 2548 1022 2634 intellegatur,
1045 2549 1134 2633 prius
1153 2554 1204 2613 est
1222 2549 1260 2613 de

114 2676 300 2719 caesurae
323 2655 504 2720 rationibus
524 2655 635 2740 paullo
655 2656 844 2740 explicatius
863 2655 1042 2720 dicendum.
1072 2655 1153 2720 Eam
1175 2656 1260 2721 enim
1275 2674 1412 2715 ocnxxrv

115 2784 189 2825 cum
218 2761 391 2844 septenarii
419 2762 600 2845 legitimam
625 2762 767 2827 habeant
789 2768 864 2847 post
888 2768 1041 2848 quartum
1064 2763 1261 2846 trochaeum,

114 2891 183 2933 non
206 2872 255 2932 est
277 2891 316 2932 ea
338 2869 468 2952 quidem
492 2891 565 2934 raro
589 2871 747 2955 neglecta,
772 2871 826 2935 sed
850 2893 915 2937 non
939 2876 1123 2937 esttamen
1146 2871 1260 2954 quovis

115 2974 212 3039 modo
240 2976 416 3070 neglecta
445 2974 570 3060 Quippe
602 2977 792 3063 principalis
823 3000 973 3042 caesurae
1002 2977 1091 3042 illius
1122 2977 1259 3041 vicarias

114 3086 285 3166 poetarum
317 3105 369 3146 ars
400 3083 515 3147 ascivit
545 3085 752 3149 secundariae
783 3086 876 3170 duas,
909 3107 1043 3170 quarum
1075 3085 1178 3148 altera
1209 3088 1260 3148 est

115 3193 191 3272 post
214 3193 362 3273 quartam
388 3188 495 3271 ausim,
518 3195 594 3273 post
617 3192 763 3274 quintam
788 3194 885 3257 araim
910 3193 1025 3257 altera:

488 3349 586 3382 rur-o
605 3335 729 3399 nmio
746 3352 845 3384 ιυ-υ
861 3353 932 3384 ru-

488 3439 506 3470 a
542 3446 586 3471 ,υ
603 3440 702 3472 nom
719 3423 844 3489 ι1υ-υ
862 3442 932 3473 zu-

116 3546 293 3629 Vtriusque
318 3568 335 3609 e
359 3545 549 3611 Trinummo
573 3550 721 3632 exempla
744 3550 883 3613 afferam.
929 3548 974 3612 Et
997 3549 1108 3631 prius
1132 3547 1260 3631 quidem

114 3674 234 3736 genus,
268 3653 302 3716 in
330 3675 392 3737 quo
422 3654 610 3737 plerumque
634 3654 758 3718 accedit
780 3657 854 3737 post
878 3653 1024 3736 quintam
1049 3653 1167 3716 thesim
1191 3672 1260 3715 cae·

115 3782 194 3822 sura
217 3759 346 3844 podica,
368 3761 470 3825 habes
494 3784 523 3824 v.
546 3761 621 3826 333.
646 3762 719 3824 364.
743 3761 818 3825 370.
842 3760 915 3824 656.
940 3760 1014 3823 845.
1040 3760 1139 3822 1023:

206 3900 305 4013 hlihil
319 3903 467 3968 istorum.
491 3902 576 3979 Quid
595 3903 719 3986 igitur?
742 3902 805 3966 Per
823 3902 1009 3967 comitatem
1030 3899 1142 3983 edepol
1160 3905 1261 3983 pater.

206 4026 255 4090 Eo
279 4049 344 4092 non
369 4029 482 4112 multa,
506 4031 588 4112 quae
607 4028 728 4110 ncuolt,
752 4027 914 4110 euoniunt,
936 4025 999 4089 nisi
1018 4025 1113 4089 fictor
1132 4026 1260 4090 malust.

208 4132 257 4195 Tui
281 4134 376 4199 modo
400 4157 441 4199 ne
465 4157 515 4197 me
539 4134 713 4217 prohibeas
738 4132 881 4218 accipere
906 4133 933 4196 si
957 4132 1033 4239 qpid
1057 4133 1111 4196 dot
1135 4132 1224 4196 mihi.

206 4255 253 4319 Vt
277 4280 344 4322 rem
368 4259 508 4342 patriam
532 4264 564 4322 et
588 4260 726 4341 gloriam
749 4259 908 4323 maiorum
932 4255 1089 4321 foedarim
1114 4279 1229 4321 meum.

208 4346 356 4429 Aduenio
381 4388 419 4428 ex
443 4362 602 4449 Seleucia,
626 4364 830 4448 Macedonia,
854 4364 934 4428 Asia
958 4369 1055 4448 atque
1078 4345 1209 4427 Arabia.

208 4468 352 4545 Quorum
375 4471 482 4535 hercle
505 4495 588 4536 unus
612 4472 775 4555 srirpnerit
797 4472 938 4536 currenti
962 4469 1090 4536 cursori
1111 4470 1224 4534 solum.

995 4575 1049 4630 32*
