2962 5032
444 125 741 173 oaannna'monnn
766 125 839 171 nnn
864 112 1071 173 Llnnmcnns.
1266 112 1330 174 tls>

163 269 235 332 vel
260 290 344 353 qnae
368 268 556 333 Aristotelis
580 268 681 332 sorba
704 272 781 332 sunt
810 267 887 332 deor
909 269 940 332 οἱ
963 272 1080 334 ζῶντε(
1103 272 1170 334 τῶν
1193 271 1328 335 τεθνεώ-

164 397 259 440 των.
307 374 430 450 Quodsi
460 376 568 441 animo
598 376 792 459 impressum
816 380 849 439 et
871 380 1037 459 tamquam
1061 375 1258 459 insculptum
1283 381 1328 440 te·

165 481 319 564 stabitis,
347 503 412 545 nou
436 503 596 562 veremur,
624 504 665 547 ne
694 504 732 546 ex
759 483 798 546 iis
823 504 960 567 quarum
984 482 1050 546 iam
1074 482 1167 547 vobis
1191 483 1328 547 indicem

169 589 345 652 tradimus
369 587 489 652 scholis
513 609 579 652 non
602 587 812 670 pulcherrimi
836 588 960 652 fructus
985 588 1024 652 ad
1047 611 1102 653 vos
1123 592 1198 652 sunt
1217 589 1329 652 redun-

165 694 301 760 daturi.
346 694 471 759 Valete.

323 963 359 1046 b)
382 962 437 1026 Im
461 961 704 1027 Prooemium
728 961 792 1025 des
817 960 1079 1026 Sommcrsem.
1109 965 1192 1027 1840

390 1104 443 1190 (de
466 1104 595 1190 gemino
619 1104 706 1168 exitu
732 1104 872 1167 Andriae
896 1102 1129 1190 Terentianae).

274 1247 382 1331 Atque
411 1247 490 1311 haec
518 1246 656 1330 praefati
683 1269 807 1330 sumus,
840 1250 876 1309 ut
904 1246 971 1309 fere
1000 1246 1037 1309 fit
1059 1247 1094 1311 in
1116 1246 1178 1312 hoc
1202 1269 1328 1332 genere,

179 1356 221 1420 τὸ
252 1357 310 1433 μὲν
339 1355 503 1433 πάρεργον
532 1354 629 1434 ἔργον
653 1355 697 1418 ὣ(
721 1355 920 1432 ποιούμενοι,
944 1354 981 1417 τὸ
1006 1352 1035 1417 δ’
1057 1353 1155 1432 ἔργον
1178 1353 1222 1418 ὡ(
1247 1354 1326 1433 πάρ-

183 1482 283 1540 εργον
306 1461 545 1539 ἐκπονούμενον.
591 1460 709 1525 Restat
733 1461 832 1543 enim,
861 1465 898 1524 ut
922 1459 1029 1542 vobis,
1057 1461 1218 1525 carissimi
1243 1456 1338 1526 com-⁴

184 1567 359 1647 militones,
383 1567 567 1633 scholarum
588 1589 647 1650 per
669 1566 753 1632 hanc
777 1589 859 1652 quae
883 1568 985 1630 instat
1008 1570 1167 1631 aestatem
1190 1568 1224 1632 in
1243 1569 1326 1633 alma

184 1676 385 1760 optimarum
417 1675 535 1738 artium
569 1675 643 1738 sede
676 1679 788 1739 nostra
820 1672 1043 1738 habendarum
1075 1674 1212 1738 indicem
1243 1697 1330 1740 ecm-

186 1780 386 1864 mendemus,
419 1803 457 1845 ex
486 1802 524 1845 eo
553 1781 613 1862 uti,
647 1803 729 1864 quae
757 1781 896 1845 maxime
919 1781 953 1844 in
978 1785 1120 1845 vestrum
1145 1804 1239 1845 usum
1263 1803 1329 1846 non

186 1886 355 1951 rideantur
380 1908 464 1970 esse,
487 1887 542 1951 sed
566 1908 640 1951 vere
664 1888 744 1970 sint,
767 1886 934 1971 deligatis,
957 1894 1110 1973 rectoque
1133 1887 1251 1951 iudicio
1276 1888 1328 1951 de-

185 1995 279 2058 lectis
302 1998 388 2058 reete
412 1993 574 2058 fruamini.
607 1992 678 2070 Quo
697 1994 825 2077 quidem
845 2016 956 2058 cavere
976 1995 1134 2078 volumus,
1156 2016 1196 2058 ne
1216 2016 1327 2059 verum

188 2123 280 2164 usum
308 2121 381 2164 eum
410 2101 545 2184 putetis,
578 2100 634 2185 qui
657 2100 697 2164 ad
722 2101 807 2165 vitae
831 2100 1038 2184 quotidianae
1063 2101 1131 2164 sive
1155 2098 1329 2165 commodi·

187 2213 271 2272 tates
296 2208 362 2271 sive
386 2206 596 2270 necessitates
621 2211 759 2290 spectet,
787 2229 849 2271 neu
877 2228 1048 2291 perperam
1072 2206 1329 2290 interpretemini

187 2315 270 2398 quod
295 2314 387 2378 aiunt
410 2313 494 2377 vitae
518 2334 597 2396 esse,
620 2335 686 2377 nou
710 2313 839 2378 scholae
863 2313 1058 2378 discendum.
1099 2311 1218 2378 Veram
1242 2313 1328 2377 enim

187 2427 220 2487 et
243 2425 418 2502 aeternam,
442 2441 524 2503 quae
549 2442 565 2482 e
588 2419 717 2484 liberali
741 2421 923 2484 litterarum
947 2420 1143 2485 tractatione
1162 2418 1329 2503 redundat,

188 2527 363 2592 utilitatem
392 2530 587 2590 mementote
618 2548 688 2590 eam
717 2547 802 2610 esse,
830 2533 865 2590 ut
892 2526 982 2591 fonte
1011 2526 1119 2590 divino
1149 2530 1328 2610 prognatus

187 2634 314 2699 animus
346 2632 527 2716 ingenitam
560 2632 702 2697 indolem
733 2633 903 2698 nutriendo
942 2634 991 2699 sui
1029 2634 1167 2698 similior
1199 2633 1328 2698 eradat:

187 2765 250 2827 quo
289 2739 408 2805 artium
444 2740 691 2823 litterarumque
728 2741 782 2804 lux
816 2740 925 2804 divina
957 2741 991 2804 in
1025 2740 1155 2826 singula
1187 2739 1329 2804 civitatis

188 2849 511 2930 membratanquam
535 2847 642 2911 anima
661 2852 830 2930 permanet
849 2847 935 2911 vitae
959 2847 1102 2912 effectrix
1127 2853 1161 2912 et
1184 2846 1328 2911 modera-

187 2956 252 3019 trix
276 2955 471 3038 virtutisque
494 2976 611 3038 parens
636 2959 668 3018 et
692 2953 861 3038 magistra.
906 2952 1031 3019 Valete.

331 3292 361 3375 c)
385 3293 439 3357 lm
464 3292 702 3357 Prooemium
728 3247 792 3356 des
816 3269 1076 3356 Sommersem.
1103 3291 1184 3354 1841

455 3431 508 3518 (de
532 3433 640 3497 Plauti
663 3433 856 3518 cognomine
880 3430 1065 3514 ‘Asinius').

277 3576 408 3659 Denuo,
437 3576 691 3659 commilitones,
714 3575 765 3639 vel
788 3596 826 3639 ex
849 3575 911 3640 hae
934 3573 1211 3657 disputatiuncula
1234 3574 1329 3639 aesti-

190 3683 331 3767 mabitis,
356 3683 433 3768 quid
457 3683 501 3746 sit
523 3703 588 3747 non
611 3682 715 3746 dicam
739 3683 868 3747 criticae
892 3681 954 3746 arti
979 3680 1199 3744 tribuendum:
1231 3702 1328 3764 qnam

191 3790 263 3872 quis
291 3794 360 3853 tam
384 3789 482 3854 hebes
507 3793 558 3853 eat
581 3791 615 3852 et
637 3791 802 3873 tamquam
826 3787 997 3872 plumbens
1021 3787 1099 3870 quin
1123 3788 1237 3851 merito
1263 3809 1329 3850 sus·

190 3895 302 3978 piciat:
335 3895 391 3959 sed
424 3896 453 3959 ei
483 3896 570 3978 parti
598 3895 686 3959 illius
716 3896 793 3958 artis
822 3917 903 3978 quae
933 3899 1095 3959 scrutatur
1123 3893 1268 3977 syllabas
1297 3897 1330 3956 et

191 4001 297 4084 apices
327 4003 472 4067 rimatur.
519 4001 621 4077 Quam
650 4002 710 4065 etsi
739 4022 804 4065 non
833 4023 1004 4084 possumus
1035 4001 1178 4084 profiteri
1210 4021 1329 4082 omues,

191 4111 299 4172 temen
323 4107 499 4172 curandum
523 4111 573 4170 est
596 4110 632 4171 ut
651 4128 722 4170 eum
743 4128 790 4190 eo,
813 4129 875 4190 quo
895 4130 976 4190 opus
997 4109 1049 4193 sit,
1072 4111 1327 4191 temperamento

191 4214 231 4278 ad
255 4237 314 4278 sua
337 4215 472 4297 quisque
497 4214 604 4278 studia
627 4213 843 4278 transferatia
