2962 5032
398 120 470 166 orn
495 120 556 166 nm
579 117 764 166 numerans
788 117 1114 167 rnrurussruninrr.
1290 103 1331 166 87

175 259 269 314 verba
286 259 359 314 haec
377 258 481 329 posuit,
499 275 571 328 quae
591 257 776 315 adscribenda
794 257 962 327 emetimavi,
980 261 1012 313 ut
1031 276 1048 314 a
1067 258 1160 315 Gellio
1179 261 1222 315 est
1240 259 1334 314 obser-

185 350 290 403 satum.

250 437 391 492 Feruntur
418 437 470 492 sub
493 436 588 492 Plauti
610 436 723 492 nominc
747 435 910 492 comoediae
935 435 1046 491 circiter
1070 436 1090 491 0
1111 441 1140 492 et
1158 436 1244 492 XXX.
1278 437 1333 493 Sed

181 527 266 582 homo
286 526 495 582 eruditissimus
513 524 627 582 Laelius
645 524 722 580 XXV
745 525 893 581 dumtaxat
915 523 991 580 illius
1015 542 1075 580 esse
1099 527 1219 593 censuit;
1244 543 1335 597 neque

181 615 296 670 dubium
314 618 366 685 est,
386 615 455 685 quin
472 615 528 671 ista
546 613 641 681 etiam,
661 630 733 683 quae
752 630 769 667 a
787 613 890 670 Plauto
909 614 1015 684 scripta
1033 629 1091 669 nou
1109 617 1184 685 suut,
1202 617 1329 672 veterum

181 706 329 774 poetarum
348 704 465 760 tuerint:
484 707 516 758 ut
535 703 571 758 ht.
586 702 673 772 Accii,
693 703 722 759 O.
736 702 842 762 Plautii
861 720 878 757 a
897 720 952 773 quo
972 702 1065 758 dictae
1085 707 1151 759 sunt
1164 705 1330 761 Plautianae

178 792 302 862 fabulae,
321 810 378 849 ucn
396 793 554 849 Plautinae.

250 881 383 937 Ceterum
401 899 465 938 cunr
479 882 557 939 XXV
575 900 593 938 a
611 883 752 939 veteribus
767 884 1000 938 connumerentur
1014 882 1050 939 Μ.
1066 882 1161 938 Plauti
1175 884 1330 954 comediac,

179 971 324 1028 sciendum
347 973 404 1040 est,
426 974 521 1042 preter
544 970 609 1026 illas
627 971 678 1026 XX
701 974 784 1041 (quae
808 989 825 1026 a
847 972 950 1027 nostris
974 971 1168 1042 grammaticis
1191 989 1327 1029 consensu

179 1061 304 1117 omnium
332 1078 383 1130 pro
415 1060 554 1116 Plautinis
586 1060 736 1129 habentur)
768 1061 820 1116 tris
848 1077 865 1115 a
893 1060 984 1117 Gellio
1018 1060 1170 1117 nominari:
1203 1062 1257 1117 hoc
1288 1065 1330 1118 est

180 1150 343 1217 Boethium,
367 1149 576 1218 Nervulariam,
600 1151 721 1206 Fretum.
759 1150 849 1206 Varro
868 1152 897 1205 ct
915 1150 976 1206 Sex.
995 1151 1145 1220 Pompeius
1164 1150 1235 1213 alias
1254 1168 1328 1208 com-

179 1238 271 1309 plures
289 1241 465 1309 nuncupante
484 1241 517 1294 ut
535 1239 725 1309 Artemonem,
744 1239 938 1309 Friuolariam,
957 1240 1132 1310 Phagonem,
1153 1240 1325 1296 Cestrionem

180 1330 264 1398 atque
283 1330 448 1397 Astrabam,
472 1345 575 1398 sasque
598 1328 672 1384 inter
690 1328 837 1385 Plautinas
860 1328 992 1385 referunt.
1030 1329 1071 1385 De
1090 1330 1213 1384 Astraba
1230 1331 1327 1385 tamen

179 1416 287 1473 Gellius
301 1420 332 1472 et
344 1417 452 1473 Nonius
470 1417 642 1475 dubitarunt
666 1418 697 1471 ln
715 1417 819 1474 fabulis
833 1417 890 1473 suis
909 1419 1019 1473 secutus
1038 1420 1081 1473 est
1098 1433 1215 1488 graecos
1230 1421 1326 1474 aucto-

178 1523 233 1574 res,
257 1507 379 1561 mxime
401 1506 615 1578 Demophilum,
638 1505 832 1562 Philemonem
856 1509 885 1562 ct
907 1506 1108 1576 Epicharmum
1133 1506 1271 1574 Siculum,
1296 1511 1328 1562 ut

177 1594 309 1650 Horatius
334 1595 450 1651 Flaccus
475 1597 610 1665 testatur,
640 1598 806 1665 tantumque
833 1595 973 1651 scribendi
999 1595 1142 1666 elegantia
1167 1598 1197 1650 et
1221 1595 1326 1652 salibus

177 1684 250 1740 visus
275 1688 320 1740 est
346 1685 531 1755 praestitisse,
559 1687 592 1741 ut
613 1684 741 1756 Epistola
769 1685 908 1741 affirmare
936 1702 993 1741 nou
1015 1673 1201 1754 dubitaverit,
1229 1686 1323 1741 Musas

176 1773 250 1842 ipsas
264 1772 402 1830 Plautino
412 1791 540 1831 sermone
558 1773 644 1829 inmas
663 1773 811 1842 locuturas,
830 1775 854 1829 si
873 1775 960 1831 latine
973 1772 1053 1844 loqui
1066 1773 1229 1843 voluissent,
1249 1775 1325 1844 quod

177 1863 295 1919 aFabio
311 1862 485 1930 Quintiliano
498 1863 625 1920 refertur.
659 1863 797 1930 Quocirca
814 1862 921 1918 Gellius
940 1879 1038 1917 censor
1057 1862 1179 1933 optimus
1198 1863 1323 1920 omnium

176 1952 343 2024 scriptorum
366 1952 494 2022 appellat
515 1953 634 2007 cundem
652 1935 785 2006 Plautum
808 1953 954 2022 parentem
972 1968 1006 2006 ac
1024 1952 1179 2022 prinoipem
1198 1952 1227 2007 in
1247 1953 1323 2007 omni

176 2040 264 2095 latina
281 2039 432 2110 elegantia
466 2039 613 2095 Vulcatius
627 2039 769 2110 Sedigitas
784 2057 848 2094 cum
866 2038 901 2095 de
920 2039 1017 2095 ordine
1037 2039 1206 2095 comicorum
1224 2041 1323 2096 scribit

175 2132 239 2199 post
258 2129 394 2185 cecilium
413 2128 565 2184 collocavit
573 2129 703 2184 Plautum
718 2130 891 2198 caeterisque
906 2127 1034 2184 omnibus
1049 2128 1191 2197 praetulit.
1210 2128 1320 2186 Nomen

174 2217 270 2273 Plauti
289 2218 440 2273 deductum
460 2219 504 2272 est
522 2235 540 2272 a
562 2217 683 2288 planicie
706 2217 808 2287 pedum
827 2219 870 2286 (ut
888 2219 931 2272 est
949 2218 1046 2271 auctor
1066 2217 1128 2272 Ser.
1147 2218 1322 2289 Pompeius):

174 2307 250 2378 prius
279 2307 354 2362 enim
378 2306 413 2363 M.
438 2306 537 2362 Plutus
564 2306 717 2362 dicebatur.
759 2306 831 2361 Hinc
854 2305 1015 2375 semiplotia
1037 2305 1223 2363 calciamenta
1246 2308 1323 2364 dicta

172 2398 251 2463 suut,
275 2396 376 2466 quibus
399 2395 430 2452 iu
449 2395 645 2452 venationibus
666 2397 818 2450 uterentur.
856 2394 967 2450 Obiisse
985 2393 1106 2449 traditur
1123 2395 1221 2465 paucis
1240 2399 1321 2451 annis

171 2488 239 2556 post
254 2486 286 2552 Q.
301 2485 422 2541 Ennium
442 2484 601 2555 olympiade
619 2484 773 2540 centesima
787 2484 871 2539 XLV.
910 2483 1051 2549 Quantum
1069 2483 1195 2540 iacturas
1213 2484 1318 2540 factum

140 2575 209 2653 ,sit
231 2574 261 2628 in
285 2574 345 2629 eius
375 2574 468 2645 obitu,
493 2575 614 2631 testatus
636 2575 680 2629 est
701 2573 777 2629 idem
800 2574 889 2629 Poeta
917 2572 961 2626 his
986 2571 1111 2627 versibus
1134 2572 1169 2628 de
1192 2590 1223 2628 se
1245 2591 1319 2629 com·

173 2664 288 2733 positis:

385 2752 539 2821 Postquam
557 2754 602 2808 est
619 2753 709 2808 morte
728 2753 827 2822 captus
846 2750 972 2819 Plautus,

384 2840 518 2897 Comedia
536 2842 623 2913 luget,
642 2857 744 2922 scaena
762 2843 807 2896 est
824 2841 944 2909 deserta,

385 2928 493 2989 Deinde
512 2930 593 3002 risus,
611 2930 703 3001 ludus,
721 2930 853 3000 iocosque
873 2931 902 2983 et
919 2929 1029 2983 numeri

383 3017 524 3074 innumeri
542 3017 625 3075 simul
644 3036 741 3075 omnes
759 3018 1024 3088 collachrymaruut.

237 3305 277 3370 ss.
316 3304 382 3371 Der
404 3305 539 3391 Anfang
562 3308 619 3372 der
641 3306 895 3390 Interpretation
918 3305 973 3370 des
997 3305 1243 3371 Plautinischen

520 3412 675 3497 Epidicus
699 3412 799 3477 durch
824 3412 963 3477 Werler.

167 3572 237 3638 (llus
255 3569 310 3626 den
328 3569 389 3625 drei
406 3570 653 3644 gleichlautenden
671 3568 941 3625 handsohriftlichen
954 3569 1048 3624 Noten
1067 3569 1116 3623 des
1130 3568 1310 3638 Miincheuer,

166 3658 293 3716 Gothaer
310 3659 368 3715 und
379 3659 618 3717 Wollenbilttcler
635 3659 800 3729 Exemplars
818 3674 874 3713 von
889 3657 1020 3713 Werler's
1034 3656 1313 3728 Epidicus-Ausgabc

663 3767 718 3806 von
737 3751 817 3820 1⁶1³)
994 3750 998 3756 ’

238 3874 328 3930 Huius
350 3874 464 3929 fabulae
485 3874 697 3931 interlocutores
719 3876 796 3929 sunt:
822 3875 846 3942 1)
867 3873 1035 3944 Periphanes
1058 3870 1107 3941 qui
1125 3869 1313 3927 introducitur

166 3962 380 4032 patrisfamilias
398 3961 550 4032 imaginem
569 3963 699 4031 referens,
718 3963 816 4032 utpote
834 3960 886 4015 filii
908 3959 979 4015 vitia
1001 3959 1179 4030 vitabundus,
1198 3961 1311 4018 honoris

167 4053 199 4106 et
216 4049 372 4108 modestiae
390 4052 492 4107 eustos.
525 4050 624 4107 Latine
642 4053 737 4107 autem
755 4048 935 4120 interpretari
953 4051 1048 4119 potest
1067 4048 1183 4104 ‘circum
1201 4068 1311 4120 quaque

166 4139 357 4208 conspicuus’,
378 4143 441 4210 sept
464 4141 481 4198 i.
506 4156 530 4196 e.
554 4140 657 4198 circum
680 4143 710 4196 et
731 4140 824 4211 φαίνω
847 4138 865 4192 'a
885 4155 908 4192 e.
928 4139 1024 4205 luceo;
1048 4140 1076 4207 2)
1099 4138 1309 4209 Stratophocles
1400 4205 1402 4211 Α

164 4228 404 4298 postremissimse
421 4228 563 4300 nequitiae
583 4231 782 4285 commessator
805 4230 882 4282 et-
904 4228 936 4282 ut
953 4228 1055 4283 natura
1073 4227 1194 4284 militum
1214 4230 1257 4284 est
1276 4260 1308 4268 -
