2926 5040
351 94 355 99 ’
383 113 680 162 saarumrrosmv
704 115 776 162 usn
799 102 1009 163 tusaredus.
1205 99 1271 163 699

106 243 227 352 81ξῖὶῆ
246 260 275 320 et
290 256 472 342 plenissimi
491 261 523 320 et
542 257 746 321 saluberrimi
765 257 995 342 redundarunt,
1013 257 1055 341 id,
1078 259 1140 323 etsi
1159 263 1273 322 nostra

105 330 381 428 T¹biv01untas
404 385 581 447 numquam
609 364 725 446 deluit,
753 368 862 429 tamen
890 365 987 450 longe
1015 365 1211 450 gravissima
1233 386 1272 429 ex

102 466 230 531 Pfll'te
249 468 317 535 'lua
337 471 443 555 ipsius
465 470 586 534 virtute
608 471 757 535 effectum
780 492 850 535 esse
874 472 970 537 scito:
998 493 1062 555 qua
1084 471 1121 535 in
1143 471 1271 536 litteras

100 568 259 645 quidem
285 577 334 641 its
364 577 556 660 incubuisti,
585 578 684 641 utin
714 576 776 641 hoc
806 598 932 661 quoque
965 598 1083 663 genere
1113 579 1272 643 maiorum

105 670 271 753 gloriam
284 684 481 748 aemulatore
502 683 686 747 constantis
704 684 921 767 temperantia
939 684 1182 768 perseverantia
1199 705 1274 768 par·

101 779 212 874 tun,
230 789 305 857 huic
327 794 437 855 sutem
459 796 609 855 strenuae
633 789 836 855 contentioni
860 790 962 854 animi
980 790 1163 873 candorem,
1185 790 1272 855 vitae

101 884 346 962 innocentiam
369 918 559 981 morumque
582 897 777 962 suavitatem
805 899 933 961 tantam
962 897 1109 980 sociasti,
1137 903 1174 962 ut
1201 898 1273 982 pari

104 1015 204 1067 eum
223 996 488 1088 praeceptoribus
510 1007 580 1068 tum
604 1002 882 1068 commilitonibus
905 1002 1068 1086 voluptati
1092 1006 1190 1088 atque
1209 1003 1273 1067 toti

103 1109 332 1175 universitati
355 1114 548 1175 ornamento
571 1131 667 1174 esses.
704 1110 817 1196 anue
841 1109 959 1175 indolis
982 1112 1183 1194 praestantia
1200 1134 1274 1177 oum

104 1215 216 1281 ultra
243 1216 466 1282 universitatis
498 1217 579 1282 fines
612 1238 854 1301 quoquoversus
881 1221 997 1301 patens
1027 1217 1177 1299 eniteret,
1208 1239 1274 1282 uon

109 1323 265 1405 potuisti
294 1346 361 1390 uon
388 1323 534 1388 omnium
556 1321 631 1388 'libi
654 1322 885 1387 Rheuauorum
914 1321 1041 1386 animos
1065 1321 1145 1387 adeo
1168 1323 1276 1387 devin-

110 1428 211 1513 cire,
243 1434 281 1495 ut
311 1429 368 1494 diu
400 1429 552 1495 obtinens
584 1430 671 1494 inter
703 1429 978 1514 Angustissimam
1010 1429 1142 1494 domum
1174 1429 1276 1503 Tuam

10 1530 14 1583 '¹
114 1540 310 1623 terramque
340 1535 534 1601 Rhenanam
569 1535 817 1601 necessitudinis
845 1535 1007 1600 vinculum
1040 1536 1139 1600 etiam
1173 1536 1276 1601 artius
1349 1612 1356 1623 ι

116 1643 308 1729 constringi
330 1643 507 1726 videretur,
535 1642 781 1727 laetissimaque
805 1641 877 1707 Tua
899 1642 984 1706 inter
1006 1663 1066 1707 nos
1089 1643 1275 1726 praesentia
1346 1660 1349 1665 ·

120 1768 196 1830 pro
212 1771 294 1816 novo
317 1751 455 1837 pignore
479 1754 610 1814 mutuae
634 1748 783 1814 caritatis
802 1748 976 1813 haberetur
999 1753 1033 1812 et
1055 1749 1272 1813 consortionis

122 1872 195 1935 per
207 1854 323 1935 futura,
342 1877 424 1941 quae
443 1843 589 1922 divinum
607 1877 727 1920 numen
747 1859 947 1938 averruncet,
966 1854 1153 1920 discrimina
1167 1878 1275 1922 rerum

124 1954 314 2028 felicissime
336 1963 520 2029 duraturae.

216 2067 330 2155 ltaque
352 2091 418 2135 non
441 2073 553 2135 nostro
577 2074 715 2149 tantum,
738 2068 794 2134 sed
817 2074 986 2153 tamquam
1010 2069 1179 2134 universae
1202 2091 1276 2153 pro·

121 2165 253 2242 'incise
278 2176 412 2242 nomine
434 2176 501 2240 iam
523 2196 692 2259 precamur
720 2196 759 2239 ex
787 2175 887 2239 animi
917 2173 1092 2257 sententia,
1119 2176 1168 2240 uti
1191 2175 1276 2260 Tibi,

118 2265 316 2350 celsissimo
338 2283 504 2368 Princeps,
525 2283 613 2348 bona
632 2283 739 2347 fausta
757 2283 925 2347 fortunata
944 2284 1060 2347 cuncta
1074 2282 1162 2347 Deus
1178 2281 1269 2366 Opti-

114 2391 199 2448 ΠΜ
219 2388 381 2456 Maximus
403 2390 475 2455 duit
497 2389 636 2474 dataque
658 2393 836 2473 perpetuet,
859 2389 1053 2471 beatumque
1073 2387 1128 2471 Te,
1150 2387 1184 2453 in
1208 2409 1272 2474 quo

110 2495 200 2560 ⁸90⁸
227 2501 259 2561 et
281 2496 370 2561 salus
394 2495 505 2561 futura
527 2496 653 2579 patriae
681 2496 825 2580 reposita
848 2498 912 2578 est,
939 2517 997 2580 per
1024 2516 1182 2560 annorum
1207 2494 1275 2559 diu-

106 2584 319 2667 ‘uanitatem
351 2603 512 2686 propitius
546 2602 684 2687 sospitet
716 2602 979 2686 superstitetque.
1033 2601 1140 2667 Macte
1173 2601 1275 2687 igitur

102 2689 248 2774 virtute
274 2708 359 2792 Tua,
387 2713 420 2774 et
448 2710 476 2775 si
499 2709 549 2774 fas
572 2713 623 2774 est
646 2713 767 2793 petere,
797 2713 945 2773 nostrum
968 2708 1127 2792 huiusque
1151 2709 1276 2773 univer·

98 2792 239 2879 8Ῐίῑὸῑὶίε
261 2837 481 2900 annorumque
506 2821 538 2880 et
557 2814 694 2879 dulciter
717 2820 750 2879 et
772 2820 810 2878 ut
829 2836 995 2899 speramus
1015 2812 1202 2879 salutariter
1220 2813 1274 2880 hie

94 2896 367 2987 trallsactorum
390 2926 459 2986 tam
482 2921 673 2987 benevolam
693 2920 951 2987 recordationem
971 2921 1087 3004 recole,
1110 2943 1207 3005 quam
1225 2920 1278 2985 de·

10 3070 12 3079 ·
92 3018 209 3088 '0¹22
233 3027 306 3095 Tibi
330 3027 473 3112 Tuisque
495 3027 672 3092 virtutibus
696 3028 802 3112 pietas
826 3032 939 3093 nostra
962 3029 1160 3112 perennabit.
1184 3027 1276 3091 Vale.

222 3131 446 3200 Scribebamus
469 3133 605 3200 Bonuae
628 3133 739 3199 Idibus
762 3133 891 3199 Martiis
915 3158 943 3200 a.
967 3150 1185 3201 crorocccnrr.

684 3490 714 3553 4.

72 3590 333 3715 AIlsohlag
360 3629 426 3695 der
448 3628 654 3731 heipziger
678 3629 928 3695 Universitiit
955 3627 1016 3692 bei
1045 3627 1111 3691 der
1134 3625 1278 3692 Ueber·

177 3737 327 3801 nahme
351 3737 416 3803 des
438 3736 649 3802 Rectorats
674 3734 794 3800 durch
818 3735 890 3801 deu
913 3733 1042 3818 Kbnig
1068 3734 1214 3798 Albert.

223 3875 338 3945 Rector
361 3882 395 3944 et
417 3877 554 3945 Senatus
574 3876 805 3942 Vuiversitatis
828 3874 1007 3961 Lipsiensis
1025 3876 1036 3959 l
1055 3874 1188 3941 Civibus
1208 3896 1277 3938 aca-

103 3970 262 4052 ”micis
278 3987 291 4070 l
308 3990 342 4052 et
369 3986 563 4072 quicumque
592 4007 664 4049 cum
694 3985 728 4048 in
755 3984 817 4049 hac
840 3984 920 4049 urbe
942 3988 1013 4048 tum
1037 3981 1123 4066 apud
1147 3985 1277 4047 exteros

69 4061 231 4154 rehu,
251 4092 372 4157 nostris
394 4092 476 4157 beno
499 4091 613 4156 volunt
629 4090 640 4173 ΙΙ
658 4088 812 4154 Salutem.

224 4193 403 4282 Postquam
436 4196 694 4263 anniversarium
727 4195 870 4261 officium
902 4193 998 4259 rediit
1024 4194 1101 4259 novi
1129 4191 1277 4259 Rectoris
