2926 5040
419 347 683 395 ennunnrrours
707 347 918 397 enavrrrun.
1176 334 1242 398 425

161 487 279 565 Quod
301 488 369 555 tibi
392 490 482 574 lubet,
510 490 542 555 id
570 490 615 554 mi
642 489 775 577 impera.
821 491 932 576 Tange
957 494 1046 557 airam
1070 492 1154 558 hane
1177 493 1240 559 Ve-

841 599 936 664 neris.
973 599 1095 684 Tango.

51 739 187 817 Quare
215 763 240 805 a
266 744 374 805 metro
398 740 528 825 quidem
552 763 611 806 nee
630 741 829 806 Bacchidum
853 743 960 807 versui
979 741 1021 825 II,
1040 741 1069 825 2,
1088 742 1128 807 51
1150 742 1241 808 litem

52 869 264 913 moveram:

163 988 364 1075 Negotium
387 989 428 1054 ed
451 1013 503 1056 me
526 992 587 1056 hoe
611 991 726 1057 attinet
747 988 926 1057 auritium:

55 1133 278 1200 Trinummi
302 1136 412 1198 autem
435 1155 463 1199 v.
487 1134 553 1200 330
577 1157 688 1199 rerum
711 1157 780 1200 esse
803 1135 947 1200 iambum
970 1141 1032 1218 φεῖ
1054 1137 1161 1202 eredo:

169 1274 271 1353 Quid
295 1276 346 1341 is?
369 1277 506 1361 egetne?
546 1278 632 1360 qu't.
674 1276 840 1343 Habuitne
864 1278 953 1342 rem?
999 1276 1132 1344 Habuit.
1178 1279 1241 1356 Qui

841 1407 912 1448 earn
935 1385 1098 1469 perdidit?

10 1612 12 1625 Ι
63 1526 170 1605 Quae
199 1526 229 1592 si
256 1525 524 1611 probabilitatem
547 1527 684 1611 habent,
712 1528 806 1592 simul
830 1528 1032 1613 intellegitur
1060 1552 1126 1593 non
1154 1530 1239 1594 solli-

10 1646 14 1699 ἰ
65 1633 259 1700 citandum
284 1631 386 1698 fuisse
408 1633 495 1698 Trin.
518 1635 596 1699 206:

171 1775 275 1853 Quod
300 1774 436 1861 quisque
459 1776 492 1841 in
515 1778 622 1842 animo
646 1777 741 1842 hebet
763 1783 819 1843 aut
841 1778 1035 1864 habiturust,
1060 1781 1177 1846 sciunt:
1256 1801 1387 1842 onxxrv

73 1919 131 1985 eni
150 1919 276 1984 versui
295 1939 360 2002 quo
379 1921 523 2002 tempore
542 1920 664 1986 inserto
682 1926 739 1985 aad
761 1922 1008 1987 succurrendum
1028 1924 1151 2007 putavi,
1175 1947 1241 1989 om-

72 2048 157 2091 nem
183 2025 300 2110 legem
324 2024 414 2090 illam
438 2026 581 2091 nondum
600 2027 920 2116 investigaverem.*)
954 2029 1112 2095 Dubitare
1131 2035 1240 2095 tamen

73 2154 183 2218 qnam
208 2131 387 2217 quiequam
411 2133 624 2200 confidentius
643 2134 805 2199 affirmare
825 2134 863 2199 de
881 2137 1038 2219 producta
1060 2139 1115 2201 det
1136 2138 1241 2202 forma

76 2238 290 2325 praestabit:
324 2238 415 2304 euius
445 2240 506 2306 etsi
528 2263 635 2305 unum
665 2243 844 2326 exemplum
873 2242 948 2307 libri
976 2243 1058 2308 Rud.
1081 2242 1138 2325 IV,
1166 2248 1196 2327 1,
1219 2246 1240 2309 9

78 2345 262 2431 praebent,
285 2345 325 2409 de
348 2367 411 2431 quo
434 2345 468 2410 in
491 2345 642 2431 Perergis
666 2348 788 2413 dietum
811 2371 841 2432 p.
865 2349 939 2433 430,
964 2349 1108 2432 alterum,
1133 2351 1188 2415 sed
1208 2352 1240 2415 id

82 2474 154 2519 non
179 2473 251 2518 uno
275 2452 407 2517 nornine
430 2453 630 2539 ambiguum,
652 2455 817 2539 prolatum
841 2460 891 2520 est
914 2477 931 2520 e
955 2455 1051 2520 Most.
1065 2456 1124 2541 Ill,
1141 2459 1168 2540 1,
1185 2458 1239 2523 72:

175 2592 342 2660 Molestus
366 2616 407 2660 ne
431 2595 489 2660 sis:
513 2598 607 2662 ne‘mo
632 2598 699 2662 dat:
724 2619 783 2683 age
807 2599 892 2683 quod
918 2599 1019 2663 labet:

81 2744 199 2804 temen
225 2737 336 2803 brevis
360 2739 393 2802 in
416 2739 490 2803 dore
512 2741 622 2803 danaus
645 2741 726 2804 (latis
751 2741 870 2805 vocalis
894 2741 973 2805 feeit
996 2746 1032 2805 ut
1056 2747 1107 2806 set
1130 2743 1239 2826 gravis

84 2845 268 2930 serupulus
293 2845 400 2909 animo
424 2845 575 2929 insideat,
604 2870 798 2930 quemquam
825 2870 890 2911 non
914 2848 1050 2930 impedit
1078 2849 1135 2912 illa
1164 2872 1239 2913 sane

81 2952 265 3037 quominus
291 2956 324 3015 et
350 2953 407 3015 dos
431 2957 463 3015 et
490 2954 539 3015 det
560 2952 799 3036 produceretur.
846 2953 908 3018 Sed
933 2977 1078 3039 quaene
1103 2956 1240 3022 rationis

82 3059 219 3144 quidem
238 3058 396 3122 societate
411 3057 478 3122 ulla
494 3080 566 3122 cum
582 3060 736 3143 exemplis
752 3060 855 3124 adhue
870 3061 1019 3125 tractatis
1035 3063 1241 3128 eontinentur

81 3189 120 3231 es
151 3164 225 3230 noli
259 3163 311 3226 vel
342 3163 509 3229 defendere
541 3166 591 3230 vel
623 3188 782 3230 excusare.
827 3168 940 3254 Apage
971 3169 1072 3252 igitur
1102 3172 1242 3234 vendidit

80 3274 205 3339 tenebit
234 3272 320 3335 uidet
344 3272 479 3353 percipit
505 3273 611 3355 obtiyit
646 3273 783 3337 sordebit
814 3278 846 3337 ot
879 3274 905 3339 si
938 3299 1020 3361 quae
1054 3282 1129 3341 sunt
1154 3278 1240 3342 sirni-

80 3378 197 3467 lis**).
238 3375 309 3442 Neo
334 3378 418 3442 enirn
442 3378 555 3462 arsis,
579 3379 670 3444 euius
694 3380 726 3443 in
747 3379 807 3443 hae
826 3402 940 3447 caussa
959 3383 1074 3448 iactari
1093 3389 1239 3468 potestas

81 3489 183 3569 solet,
214 3485 322 3550 ullam
346 3485 386 3549 ad
410 3487 649 3568 producendum
673 3487 737 3551 vim
762 3486 877 3553 habuit
900 3489 932 3553 in
958 3490 1118 3555 Plautinis
1143 3493 1239 3556 versi·

81 3595 142 3659 bus
176 3591 352 3676 veterique
381 3591 572 3657 Latinorum
602 3594 692 3677 poesi
725 3595 889 3679 universa,
921 3618 980 3660 nee
1013 3597 1142 3660 omnino
1175 3598 1239 3660 tale

80 3701 160 3787 quid
185 3720 351 3784 umquam
374 3697 438 3761 nisi
461 3698 506 3763 eis
531 3699 771 3765 condicionibus
791 3702 911 3766 fectum
932 3708 991 3786 est,
1014 3704 1129 3787 quibus
1149 3704 1239 3768 licuit

79 3818 113 3873 et
126 3806 322 3893 quemlibet
337 3806 465 3870 brevem
480 3807 641 3890 syllabam
656 3831 715 3892 pro
730 3809 829 3893 longa
844 3810 1038 3874 substituere
1055 3814 1087 3874 et
1101 3810 1239 3893 plerum-

154 3948 306 3960 a——oe—

170 4041 200 4106 ⁸)
223 4034 323 4106 [Quod
337 4036 448 4103 pureque
461 4036 494 4089 in
506 4035 619 4090 oninwd
632 4037 709 4091 tebet
728 4042 777 4091 aut
795 4038 952 4093 habitarint
964 4041 1056 4094 sciunt
1069 4038 1240 4093 Ritsohelina

74 4128 192 4199 scripsit
217 4124 250 4179 in
277 4121 321 4178 ed
350 4122 399 4176 ult.
425 4122 470 4190 (el.
494 4123 564 4180 Nov.
588 4141 646 4179 exe.
671 4124 762 4179 Plaut.
782 4125 793 4177 I
813 4144 840 4195 p.
862 4129 905 4191 73)
929 4128 1047 4182 addens:
1079 4127 1136 4182 ‘De
1158 4121 1239 4184 haber

73 4235 173 4274 vereor
203 4217 240 4270 ut
263 4213 345 4268 reete
365 4210 546 4282 cogitaverim
570 4213 680 4281 Proleg.
702 4232 729 4283 p.
753 4228 948 4283 onxxxrvsq.‚
972 4216 1006 4270 de
1035 4217 1130 4284 aliqua
1148 4218 1238 4272 trans-

70 4308 221 4379 positione
249 4300 373 4358 minime
392 4317 489 4355 vereor
506 4319 541 4357 ne
560 4305 635 4357 reete
650 4303 818 4358 Fritzsehias
837 4323 863 4374 p.
882 4311 906 4358 ὃ.
922 4305 1013 4358 areima
1033 4311 1082 4358 aut
1100 4306 1179 4360 babet
1198 4323 1238 4361 re·

67 4400 187 4469 septum
211 4394 242 4448 in
264 4387 418 4461 praeedosi
437 4389 554 4458 probavi
571 4389 707 4447 Muellero
726 4392 760 4445 de
780 4408 852 4462 pros.
872 4410 898 4460 p.
919 4392 986 4459 esf]

143 4486 192 4556 θ’)
216 4479 278 4556 [cf.
298 4478 390 4551 praes.
410 4477 510 4533 Pseud.
530 4497 556 4549 p.
576 4494 631 4532 xiv
650 4482 679 4534 et
698 4480 797 4549 Opueo.
817 4479 885 4550 phil.
907 4481 929 4533 ll
949 4498 975 4550 p.
995 4487 1044 4535 641
1058 4482 1112 4553 sq.]
