2962 5032
580 356 734 404 sunaus.
1166 343 1229 408 757

86 503 118 563 et
145 500 331 564 carissimus
360 499 532 564 Anrssmvs
565 499 746 566 BRAvrvvvs
778 504 890 565 noster
921 501 1230 586 pervestigabamus‚

85 606 200 671 defessi
230 610 337 670 autem
366 606 512 689 quamvis
540 605 705 671 fructuoso
737 606 902 670 scrutandi
926 607 1071 692 negotio,
1098 608 1230 691 refrige-

88 712 181 776 randi
204 711 432 794 recreandique
456 733 570 776 caussa
593 712 688 797 cippo
712 710 783 777 Sex.
802 712 896 777 Atilii
916 710 1031 777 Serani
1053 713 1229 779 insidentes

85 821 171 884 inter
188 823 301 903 potum
320 818 529 883 festivissime
548 819 851 884 confabulabamur:
875 819 1043 884 recordare
1059 818 1230 885 Mantuani

85 930 201 1012 poetae
210 948 381 1010 earumque
393 927 622 1011 machinarum,
629 949 708 1011 quas
717 928 819 991 satius
830 927 928 991 fuerit
938 926 1065 991 silentio
1072 949 1229 1011 premere:

87 1035 255 1099 recordare
283 1033 451 1098 domestici
480 1034 583 1116 illius,
610 1056 674 1119 quo
703 1057 762 1099 nos
790 1056 856 1099 non
879 1035 1025 1098 nolentes
1049 1034 1229 1118 coercebas,

85 1141 237 1223 carceris,
260 1140 471 1223 amplissimis
494 1140 623 1223 quidem
647 1141 805 1207 librorum
829 1142 931 1225 copiis
951 1141 1088 1224 stipatos
1112 1141 1229 1224 quibus

84 1248 248 1312 luculenta
275 1265 347 1310 T1B1
370 1247 570 1311 bibliotheca
600 1247 716 1330 affluit,
745 1270 783 1312 ex
810 1249 889 1312 urbe
913 1252 1022 1312 autem
1045 1246 1228 1311 discedendi

85 1355 236 1419 libertate
260 1353 309 1418 vel
333 1353 462 1437 publica
485 1354 677 1438 interposita
701 1355 894 1419 auctoritate
917 1351 1104 1438 privatos.*)

173 1460 237 1524 Pro
267 1463 319 1524 tot
346 1459 511 1544 tantisque
539 1479 617 1526 rvrs
640 1461 679 1525 de
706 1484 757 1525 me
786 1461 910 1525 meritis
939 1461 999 1525 etsi
1030 1459 1136 1543 gratia
1159 1482 1226 1522 um·
1242 1479 1275 1519 1v

84 1588 181 1650 quam
213 1565 325 1629 referri
359 1567 486 1650 nequit,
520 1567 668 1632 habenda
703 1573 811 1632 tamen
846 1569 940 1631 tanta
973 1569 1036 1651 est,
1074 1569 1228 1651 quantam

85 1674 258 1736 maximam
289 1693 402 1755 capere
434 1675 561 1738 animus
594 1675 702 1755 possit.
748 1673 832 1738 Eum
862 1677 969 1738 autem
999 1695 1127 1737 sensum
1156 1694 1228 1736 cum

86 1779 194 1862 aliquo
217 1778 405 1843 testimonio
429 1780 537 1872 palam
561 1780 725 1844 declarare
748 1781 872 1864 pridem
893 1781 1121 1864 decrevissem,
1144 1801 1228 1844 nune

85 1886 214 1949 mallem
246 1906 323 1948 sane
352 1885 474 1969 aliquid
504 1887 538 1950 iu
566 1888 718 1970 promptu
750 1886 879 1968 fuisset,
912 1886 997 1971 quod
1026 1885 1159 1969 propius
1188 1883 1228 1947 ad

86 1991 205 2056 Vestra
228 1990 385 2056 Italorum
413 1992 520 2057 studia
548 1992 715 2074 attineret,
743 1992 797 2076 qui
821 1992 856 2054 in
880 1991 998 2055 artium
1021 1991 1227 2076 potissimum

84 2099 379 2183 antiquitatumque
394 2099 632 2162 amoenioribus
647 2098 843 2163 diverticulis
858 2098 1006 2163 habitere
1021 2099 1118 2183 soliti,
1140 2098 1227 2163 haud

83 2206 151 2270 fere
175 2206 319 2269 codicum
343 2205 563 2269 rimandorum
587 2206 838 2290 tractandaeque
861 2207 1093 2289 grammaticae
1117 2227 1228 2270 aman-

83 2313 201 2377 tissimi
237 2312 434 2377 exstiteritis.
485 2310 547 2375 Sed
575 2333 749 2395 parumper
781 2311 958 2375 haesitanti
991 2311 1133 2375 animum
1166 2311 1228 2375 hoc

84 2418 220 2500 addidit,
244 2418 329 2502 quod
348 2418 532 2503 argumenti
557 2418 685 2483 exilitas
704 2418 762 2482 illa
781 2421 813 2482 et
836 2418 929 2482 facile
954 2419 1098 2482 excusari
1117 2439 1227 2481 morae

83 2525 176 2609 fuga,
206 2529 238 2589 et
265 2526 405 2589 fortasse
435 2525 507 2608 ipsa
534 2525 702 2591 voluntate
736 2525 899 2610 animique
927 2524 1112 2589 sinceritate
1143 2546 1226 2588 com·

83 2633 211 2715 pensari
242 2630 420 2695 videbatur.
466 2630 625 2716 Accessit,
655 2633 740 2716 quod
775 2633 810 2696 in
840 2653 877 2696 eo
908 2635 1020 2695 nostra
1049 2631 1226 2715 disputatio

86 2739 243 2824 scriptore
264 2742 423 2822 versatur,
442 2760 547 2822 quem,
566 2738 681 2822 quibus
701 2739 827 2804 obsitus
848 2743 897 2802 est
917 2738 1064 2802 sordibus
1084 2739 1227 2823 purgari,

84 2850 117 2910 ct
148 2846 279 2910 liberari
310 2844 426 2927 quibus
465 2846 717 2911 obscuritatibus
750 2846 879 2910 laborat
911 2845 1029 2910 Vestra
1065 2844 1225 2928 imprimis
1291 2868 1293 2873 ·

83 2952 215 3018 referat:
245 2955 281 3016 ut
309 2951 364 3034 qui
392 2952 426 3015 in
455 2952 533 3035 ipsis
561 2953 741 3037 originibus
759 2956 803 3016 -et
825 2952 922 3016 rebus
947 2951 1046 3035 gestis
1069 2951 1226 3035 principis

83 3060 197 3124 ltaliae
221 3058 310 3122 urbis
334 3057 536 3122 illustrandis
561 3081 692 3142 operam
716 3058 885 3123 collocarit
908 3079 1008 3122 suam.

171 3165 291 3249 Accipe
324 3165 425 3250 igitur
456 3188 520 3249 qua
554 3187 604 3229 me
635 3166 755 3230 dudum
788 3165 988 3229 assuefecisti
1021 3163 1226 3251 benignitate

83 3273 259 3356 levidense,
296 3273 380 3358 quod
415 3290 501 3357 unu,
538 3273 587 3336 vir
619 3273 840 3356 dilectissime,
879 3272 982 3338 obtuli
1020 3272 1226 3357 dicatumque

83 3403 153 3445 esse
186 3380 274 3445 volui
307 3380 546 3464 munusculum,
582 3402 695 3465 meque
727 3378 813 3465 quod
846 3379 950 3444 adhuc
981 3379 1085 3442 fecisti
1117 3401 1225 3443 amare

82 3507 190 3571 perge.
236 3487 408 3551 Praeterea
440 3507 536 3571 aegre
563 3486 646 3550 ferre
673 3487 754 3565 noli,
788 3487 873 3570 quod
902 3485 940 3548 de
968 3484 1114 3568 reliquis,
1144 3504 1225 3570 quae

84 3594 199 3678 adieci,
222 3593 317 3657 huius
337 3593 464 3675 opellae
484 3597 614 3658 nostrae
633 3593 789 3676 exemplis
808 3592 848 3656 ad
872 3592 1046 3676 populares
1070 3590 1225 3674 quosdam

83 3719 170 3765 vves
204 3700 401 3764 clarissimos
430 3698 689 3764 transmittendis
722 3721 784 3763 non
815 3699 936 3763 veritus
966 3721 1036 3762 sum
1065 3715 1108 3760 'ru
1138 3696 1225 3760 solli·

83 3807 196 3871 citare:
225 3806 265 3869 ad
294 3804 527 3890 Csvrnuuvn,
560 3805 821 3888 Bnumvouvvn,
852 3803 1037 3888 Ceraunii,
1066 3804 1226 3887 Gnvrvu,

84 3913 206 3978 Lnuvn
244 3911 516 3997 Mediolanenses,
552 3912 714 3976 Buv‘nvn
751 3917 783 3975 et
825 3911 1037 3976 Mosonvuvn
1074 3910 1225 3993 Venetos,

83 4019 346 4084 Fvuusuuvvvn
368 4018 577 4101 Patavinum,
600 4018 751 4101 Equitem
775 4036 821 4081 nn
846 4019 977 4082 lenens
995 4017 1225 4082 Veronensem.

84 4125 216 4189 Praeter
249 4147 329 4208 quos
362 4148 435 4189 cum
472 4125 570 4189 etiam
588 4125 786 4189 ,BJANCONO
819 4123 1029 4207 Bononiensi,
1064 4122 1146 4207 Equ.
1178 4141 1224 4186 Dr:

154 4372 181 4440 *l
201 4370 286 4442 {Vide
305 4387 376 4439 quae
392 4371 426 4424 de
441 4372 495 4426 hoc
509 4370 634 4441 hospitio
649 4369 803 4423 Veronensi
818 4368 989 4424 Ribbeckius
1004 4366 1130 4422 narravit
1148 4366 1224 4421 vitae

86 4459 294 4514 Ritschelianac
314 4463 368 4516 vol.
389 4462 446 4532 lp.
467 4468 526 4518 ⁸222.
548 4461 576 4516 (l.
595 4460 653 4532 W.]
