2926 5040
401 344 665 392 nunnoanroms
689 344 897 391 euavmuau.
1155 328 1217 392 481

33 488 150 552 ritati
189 510 330 572 prorsus
362 490 545 572 oppositam
577 510 647 554 esse
676 489 954 573 anapaesticorum
983 489 1147 553 licentiam
1176 490 1221 552 di-

34 616 139 679 cam,
170 599 295 680 utpote
314 597 366 659 vix
389 596 463 660 ullis
488 597 521 659 iu
540 618 579 660 eo
598 616 715 679 genere
734 596 862 680 legibus
881 595 1061 659 astrictam:
1085 594 1117 659 id
1136 596 1220 678 quod

36 702 162 766 etiam
191 702 237 766 de
260 702 409 771 iambicis
432 702 607 767 octonariis
631 702 751 766 dictum
777 702 960 785 cassiolo,
989 723 1053 766 non
1079 702 1158 765 item
1183 702 1222 765 de

37 809 270 893 septenariis
294 808 450 873 iambicis.
484 809 535 871 Ab
558 808 687 872 illorum
708 813 817 871 autem
836 809 922 872 veris
945 808 1128 872 rationibus
1152 831 1221 891 per·

39 914 248 1000 spiciendis
270 915 459 998 longissime
482 914 573 997 afuit,
597 915 687 977 cuius
711 919 830 978 teretes
857 915 1010 978 nimirum
1041 938 1134 979 aures
1161 916 1221 980 hos

41 1028 224 1087 accentus
249 1021 450 1086 fastidirent:

153 1165 273 1249 Magis
297 1187 392 1249 quam
416 1162 448 1227 id
472 1167 600 1248 reputo,
628 1170 696 1228 tam
720 1166 825 1249 magis
849 1169 937 1247 uror,
968 1187 1050 1250 quae
1073 1169 1163 1231 meus
1187 1167 1221 1231 fi-

928 1271 990 1336 lius
1014 1274 1167 1338 turbauit.

154 1379 283 1444 Omnia
305 1401 356 1443 me
380 1381 468 1443 mala
491 1381 728 1462 consectantur,
752 1379 906 1444 omuibus
930 1379 1037 1444 exitiis
1061 1379 1178 1445 interii.

51 1524 157 1588 Haec
184 1523 291 1606 igitur
314 1523 420 1586 ethis
444 1527 585 1607 cognata
607 1545 692 1585 nune
717 1523 821 1604 mitto,
844 1524 881 1585 ut
903 1522 1000 1607 longe
1023 1524 1220 1586 uberrimum

49 1633 193 1715 locum,
228 1629 284 1714 qui
308 1629 346 1693 de
370 1633 519 1694 accentus
544 1630 693 1694 doctrina
716 1633 833 1711 restat,
866 1630 977 1712 paucis
1000 1629 1220 1713 perstringam

51 1739 182 1823 potius
206 1759 307 1822 quam
331 1736 440 1801 debita
463 1736 532 1800 eius
555 1737 710 1820 gravitati
735 1736 905 1819 diligentia
928 1739 1132 1819 pertractem.

536 1949 648 1996 oaavn
672 1930 759 1995 XVI.

157 2077 295 2141 Etenim
325 2096 406 2158 quae
434 2096 492 2158 per
515 2075 664 2157 superius
687 2077 785 2157 caput
808 2077 913 2138 totum
938 2074 976 2137 de
1001 2080 1133 2139 accentu
1157 2077 1219 2140 dis·

59 2185 168 2266 serui,
193 2184 236 2248 ad
260 2181 551 2268 grammaticum
575 2186 775 2245 accentum
799 2185 948 2265 spectant
971 2184 1093 2247 omnia:
1117 2185 1303 2268 sequi-com

58 2296 117 2356 tur
137 2312 233 2355 nune
250 2294 288 2355 ut
305 2290 343 2353 de
362 2291 497 2353 accentu
516 2287 646 2372 logico
666 2287 833 2370 dicatur.*)
868 2287 927 2352 Cui
947 2310 1018 2352 oum
1038 2290 1122 2353 ratio
1142 2291 1220 2355 item

60 2401 201 2464 iuberet
227 2419 291 2461 nou
314 2416 494 2480 repugnare
519 2394 689 2458 metricum
713 2399 888 2488 accentum,
913 2395 968 2459 sed
992 2397 1166 2479 conciliari,
1190 2399 1220 2461 ei

60 2506 240 2590 postulato
263 2502 360 2567 facile
383 2501 586 2585 intellegitur
608 2522 673 2564 nou
692 2501 838 2584 potuisse
857 2501 953 2565 aliter
973 2503 1134 2587 satisfieri,
1157 2504 1220 2568 nisi

61 2620 117 2695 ut,
143 2634 230 2696 quas
254 2632 348 2675 voces
374 2611 421 2674 vis
445 2608 623 2673 sententiae
647 2609 841 2690 intenderet,
873 2608 934 2672 has
958 2631 1069 2673 versus
1094 2632 1219 2694 quoque

62 2721 92 2783 ci
118 2720 188 2783 loci
214 2718 393 2801 reciperent
416 2718 470 2799 qui
495 2716 648 2780 maiorem
674 2739 692 2778 a
715 2737 923 2779 numerorum
947 2717 1129 2781 rationibus
1153 2718 1219 2781 vim

61 2828 211 2907 habent,
238 2824 269 2887 h.
294 2846 320 2886 e.
343 2824 438 2886 utin
462 2822 539 2885 arsi
568 2822 858 2886 collocarentur
880 2843 948 2885 neo
972 2823 1030 2886 vel
1055 2824 1093 2886 in
1117 2825 1219 2888 thesi

63 2933 356 2998 delitescerent
379 2930 438 2992 vel
463 2929 627 2992 elisione
651 2929 968 2993 absorberentur.
1011 2931 1117 3012 Atque
1140 2930 1219 2995 haec

63 3039 127 3104 illa
152 3038 207 3101 lex
232 3042 291 3119 est,
314 3057 410 3119 quam
429 3057 501 3099 cum
520 3034 685 3118 praeclare
705 3034 872 3099 Bentleius
892 3035 1087 3119 indagasset,
1110 3041 1219 3102 tamen

63 3144 163 3224 haud,
182 3143 252 3207 scio
277 3165 319 3208 an
339 3142 532 3225 aliquotiens
552 3141 591 3204 ad
611 3141 721 3224 paullo
741 3142 934 3206 severiorem
953 3166 1102 3209 normam
1122 3169 1218 3230 qnam

65 3277 127 3339 par
154 3252 221 3316 fuit
244 3250 387 3334 exegerit
410 3247 637 3312 concinnitatis
662 3246 771 3311 studio
794 3249 904 3313 nimio.
942 3248 1011 3314 Nec
1034 3253 1065 3315 id
1091 3255 1220 3336 mirum,
1307 3286 1312 3294 ·

64 3386 141 3427 curn
167 3362 203 3424 in
227 3362 299 3423 tota
322 3357 456 3421 metrica
479 3353 730 3438 prosodiacaque
750 3355 920 3440 disciplina
935 3357 1087 3424 Plautina
1101 3359 1218 3424 Teren·

64 3472 228 3551 tianaque
251 3464 333 3528 nihil
358 3463 401 3526 sit
425 3462 510 3546 quod
533 3461 582 3524 vel
607 3461 732 3524 cautius
753 3462 803 3526 vel
827 3464 979 3528 subtilius
999 3466 1150 3530 iudicium
1171 3491 1218 3531 rc·

65 3577 191 3662 quirat.
230 3571 357 3654 Quippe
381 3592 445 3633 non
471 3568 578 3652 potuit
601 3568 656 3630 uni
680 3567 872 3632 inexorabili
897 3572 1084 3636 necessitati
1108 3574 1141 3636 id
1165 3595 1217 3658 ge-

64 3706 127 3748 nus
152 3680 330 3745 astrictum
355 3698 433 3759 esse,
457 3675 542 3759 quod
561 3697 633 3738 cum
654 3675 841 3756 saepissime
860 3699 877 3738 e
897 3679 966 3741 solo
987 3701 1082 3742 sensu
1103 3684 1217 3763 poetae

63 3808 266 3874 suspensum
291 3789 385 3867 esset,
408 3782 511 3845 multo
537 3780 641 3865 magis
666 3780 745 3842 artis
770 3781 833 3842 fuit
851 3804 947 3865 quam
967 3785 1130 3850 scientiae.
1160 3785 1218 3849 Et·
1298 3865 1301 3870 .

64 3901 153 3965 enim
177 3918 255 3961 cum
279 3893 321 3958 ab
345 3892 391 3955 eis
415 3891 556 3971 vocibus,
581 3909 663 3972 quae
683 3887 823 3951 notionis
844 3890 983 3972 pondere
1003 3893 1146 3979 insignes
1171 3895 1218 3957 in-

62 4007 254 4073 dubitatam
281 4000 405 4064 habent
434 3999 498 4062 vim
527 3994 721 4075 sententiae,
754 3993 795 4055 ad
825 4016 894 4076 eas,
928 4019 1010 4080 quae
1044 4001 1217 4065 destitutae

62 4117 140 4179 sunt
165 4109 272 4190 omni,
295 4129 353 4191 per
376 4105 534 4189 plurimos
558 4100 676 4185 gradus
702 4099 905 4165 deveniatur:
938 4105 999 4166 etsi
1024 4105 1062 4168 de
1086 4107 1217 4169 illorum

63 4236 262 4248 .........-------—·

150 4288 180 4356 ⁸)
201 4286 271 4341 Non
288 4283 388 4351 ignoro
408 4279 536 4348 equidem
556 4278 609 4330 hec
624 4275 764 4343 potestate
778 4290 833 4326 nou
848 4292 907 4329 esse
924 4278 1093 4333 ‘accentum’
1111 4280 1216 4334 dictum

56 4377 257 4438 ueteribus.
296 4371 358 4436 Quo
380 4372 473 4422 tamen
499 4366 625 4432 nominc,
654 4365 685 4415 ut
707 4360 901 4431 perspicuitati
921 4366 1075 4435 consulam,
1104 4373 1166 4423 otor
1184 4385 1217 4423 eo

55 4469 198 4531 libentia„
218 4479 280 4532 quo
300 4459 410 4529 planior
429 4462 549 4526 cognata
568 4454 609 4506 vis
629 4453 658 4505 et
676 4449 748 4502 ratio
767 4451 913 4519 utriusque
933 4460 1043 4522 generis
1063 4461 1118 4514 liat.

104 4583 149 4617 rra
174 4567 336 4610 aisscnsnu
356 4567 489 4601 orvscvna
510 4566 534 4599 v.
972 4555 1003 4600 3¹
