<?xml version="1.0" encoding="UTF-8"?>
<!DOCTYPE html PUBLIC "-//W3C//DTD XHTML 1.0 Transitional//EN"
    "http://www.w3.org/TR/xhtml1/DTD/xhtml1-transitional.dtd">
<html xmlns="http://www.w3.org/1999/xhtml" xml:lang="en" lang="en">
 <head>
  <title>
</title>
<meta http-equiv="Content-Type" content="text/html;charset=utf-8" />
  <meta name='ocr-system' content='tesseract 3.04.00' />
  <meta name='ocr-capabilities' content='ocr_page ocr_carea ocr_par ocr_line ocrx_word'/>
</head>
<body>
  <div class='ocr_page' id='page_1' title='image "./fridericiritsch02wachgoog_0496.png"; bbox 0 0 2926 5040; ppageno 0'>
   <div class='ocr_carea' id='block_1_1' title="bbox 395 325 1218 395">
    <p class='ocr_par' dir='ltr' id='par_1_1' title="bbox 395 325 1218 395">
     <span class='ocr_line' id='line_1_1' title="bbox 395 325 1218 395; baseline -0.006 -2"><span class='ocrx_word' id='word_1_1' title='bbox 395 343 660 395; x_wconf 78' lang='lat' dir='ltr'><strong>auannamcms</strong></span> <span class='ocrx_word' id='word_1_2' title='bbox 684 341 892 391; x_wconf 72' lang='lat' dir='ltr'><strong>mairinac.</strong></span> <span class='ocrx_word' id='word_1_3' title='bbox 1151 325 1218 388; x_wconf 76' lang='lat'><strong>477</strong></span> 
     </span>
    </p>
   </div>
   <div class='ocr_carea' id='block_1_2' title="bbox 39 483 1123 856">
    <p class='ocr_par' dir='ltr' id='par_1_2' title="bbox 39 483 1123 856">
     <span class='ocr_line' id='line_1_2' title="bbox 39 483 1101 576; baseline -0.008 -19"><span class='ocrx_word' id='word_1_4' title='bbox 39 512 88 569; x_wconf 75' lang='grc' dir='ltr'><strong>ιγ</strong></span> <span class='ocrx_word' id='word_1_5' title='bbox 114 490 202 557; x_wconf 77' lang='lat' dir='ltr'><strong>Mil.</strong></span> <span class='ocrx_word' id='word_1_6' title='bbox 226 490 390 575; x_wconf 79' lang='lat'>11,2,95</span> <span class='ocrx_word' id='word_1_7' title='bbox 413 487 556 576; x_wconf 85' lang='lat' dir='ltr'><strong>(quando</strong></span> <span class='ocrx_word' id='word_1_8' title='bbox 580 510 697 575; x_wconf 79' lang='lat' dir='ltr'><strong>anceps</strong></span> <span class='ocrx_word' id='word_1_9' title='bbox 721 494 772 554; x_wconf 88' lang='lat' dir='ltr'><strong>est</strong></span> <span class='ocrx_word' id='word_1_10' title='bbox 795 486 910 552; x_wconf 81' lang='lat' dir='ltr'><strong>Bacch.</strong></span> <span class='ocrx_word' id='word_1_11' title='bbox 935 487 977 551; x_wconf 85' lang='lat'><strong>58</strong></span> <span class='ocrx_word' id='word_1_12' title='bbox 1002 483 1101 571; x_wconf 80' lang='lat'>[89]):</span> 
     </span>
     <span class='ocr_line' id='line_1_3' title="bbox 150 631 1123 717; baseline -0.007 -20"><span class='ocrx_word' id='word_1_13' title='bbox 150 631 249 710; x_wconf 85' lang='lat' dir='ltr'><strong>Quid</strong></span> <span class='ocrx_word' id='word_1_14' title='bbox 272 632 422 717; x_wconf 77' lang='lat' dir='ltr'><strong>agimus?</strong></span> <span class='ocrx_word' id='word_1_15' title='bbox 444 632 589 698; x_wconf 73' lang='lat' dir='ltr'><strong>facilest:</strong></span> <span class='ocrx_word' id='word_1_16' title='bbox 612 636 775 697; x_wconf 87' lang='lat' dir='ltr'><strong>trecentae</strong></span> <span class='ocrx_word' id='word_1_17' title='bbox 784 678 1123 694; x_wconf 91' lang='lat'>......</span> 
     </span>
     <span class='ocr_line' id='line_1_4' title="bbox 39 772 947 856; baseline -0.008 -15"><span class='ocrx_word' id='word_1_18' title='bbox 39 798 98 854; x_wconf 82' lang='grc' dir='ltr'><strong>αγ</strong></span> <span class='ocrx_word' id='word_1_19' title='bbox 127 775 231 840; x_wconf 84' lang='lat' dir='ltr'><strong>Tria.</strong></span> <span class='ocrx_word' id='word_1_20' title='bbox 257 775 331 840; x_wconf 81' lang='lat'><strong>700.</strong></span> <span class='ocrx_word' id='word_1_21' title='bbox 355 776 429 841; x_wconf 80' lang='lat'><strong>880.</strong></span> <span class='ocrx_word' id='word_1_22' title='bbox 452 776 527 840; x_wconf 84' lang='lat'><strong>914.</strong></span> <span class='ocrx_word' id='word_1_23' title='bbox 554 775 646 840; x_wconf 82' lang='lat'>1125.</span> <span class='ocrx_word' id='word_1_24' title='bbox 684 773 750 837; x_wconf 90' lang='lat' dir='ltr'><strong>Mil.</strong></span> <span class='ocrx_word' id='word_1_25' title='bbox 773 772 815 856; x_wconf 79' lang='grc' dir='ltr'><strong>ΙΙ,</strong></span> <span class='ocrx_word' id='word_1_26' title='bbox 839 774 868 855; x_wconf 87' lang='lat'><strong>3,</strong></span> <span class='ocrx_word' id='word_1_27' title='bbox 892 774 947 837; x_wconf 84' lang='lat'><strong>36:</strong></span> 
     </span>
    </p>
   </div>
   <div class='ocr_carea' id='block_1_3' title="bbox 151 899 1125 1429">
    <p class='ocr_par' dir='ltr' id='par_1_3' title="bbox 151 899 1125 1429">
     <span class='ocr_line' id='line_1_5' title="bbox 155 899 1124 1002; baseline -0.007 -19"><span class='ocrx_word' id='word_1_28' title='bbox 155 899 274 1002; x_wconf 58' lang='lat' dir='ltr'><strong>Atque</strong></span> <span class='ocrx_word' id='word_1_29' title='bbox 298 940 371 982; x_wconf 89' lang='lat' dir='ltr'><strong>eum</strong></span> <span class='ocrx_word' id='word_1_30' title='bbox 395 921 509 1002; x_wconf 76' lang='lat' dir='ltr'><strong>agnini</strong></span> <span class='ocrx_word' id='word_1_31' title='bbox 533 914 659 982; x_wconf 87' lang='lat' dir='ltr'><strong>dederis</strong></span> <span class='ocrx_word' id='word_1_32' title='bbox 683 939 743 981; x_wconf 89' lang='lat' dir='ltr'><strong>nec</strong></span> <span class='ocrx_word' id='word_1_33' title='bbox 767 917 940 1000; x_wconf 90' lang='lat' dir='ltr'><strong>quicquam</strong></span> <span class='ocrx_word' id='word_1_34' title='bbox 964 914 1015 979; x_wconf 87' lang='lat' dir='ltr'><strong>hic</strong></span> <span class='ocrx_word' id='word_1_35' title='bbox 1051 966 1058 977; x_wconf 92' lang='lat'><strong>.</strong></span> <span class='ocrx_word' id='word_1_36' title='bbox 1118 965 1124 976; x_wconf 93' lang='lat'><em>.</em></span> 
     </span>
     <span class='ocr_line' id='line_1_6' title="bbox 151 1023 1124 1110; baseline -0.004 -22"><span class='ocrx_word' id='word_1_37' title='bbox 151 1023 269 1088; x_wconf 76' lang='lat' dir='ltr'><strong>Multa</strong></span> <span class='ocrx_word' id='word_1_38' title='bbox 292 1024 389 1088; x_wconf 81' lang='lat' dir='ltr'><strong>simril</strong></span> <span class='ocrx_word' id='word_1_39' title='bbox 412 1025 556 1110; x_wconf 77' lang='lat' dir='ltr'><strong>rogitas:</strong></span> <span class='ocrx_word' id='word_1_40' title='bbox 580 1024 687 1089; x_wconf 87' lang='lat' dir='ltr'><strong>nescio</strong></span> <span class='ocrx_word' id='word_1_41' title='bbox 711 1023 787 1107; x_wconf 88' lang='lat' dir='ltr'><strong>quid</strong></span> <span class='ocrx_word' id='word_1_42' title='bbox 852 1071 1124 1086; x_wconf 91' lang='grc'><strong>.....</strong></span> 
     </span>
     <span class='ocr_line' id='line_1_7' title="bbox 153 1127 1124 1218; baseline -0.005 -23"><span class='ocrx_word' id='word_1_43' title='bbox 153 1129 258 1206; x_wconf 77' lang='lat' dir='ltr'><strong>Qucd</strong></span> <span class='ocrx_word' id='word_1_44' title='bbox 281 1127 347 1218; x_wconf 82' lang='lat' dir='ltr'><strong>(in)</strong></span> <span class='ocrx_word' id='word_1_45' title='bbox 370 1135 469 1197; x_wconf 78' lang='lat' dir='ltr'><strong>manu</strong></span> <span class='ocrx_word' id='word_1_46' title='bbox 492 1132 604 1196; x_wconf 77' lang='lat' dir='ltr'><strong>teneas</strong></span> <span class='ocrx_word' id='word_1_47' title='bbox 628 1134 725 1214; x_wconf 87' lang='lat' dir='ltr'><strong>atque</strong></span> <span class='ocrx_word' id='word_1_48' title='bbox 749 1130 851 1195; x_wconf 91' lang='lat' dir='ltr'><strong>oculis</strong></span> <span class='ocrx_word' id='word_1_49' title='bbox 918 1179 924 1191; x_wconf 91' lang='lat'><strong>.</strong></span> <span class='ocrx_word' id='word_1_50' title='bbox 985 1179 991 1192; x_wconf 93' lang='lat'><strong>.</strong></span> <span class='ocrx_word' id='word_1_51' title='bbox 1051 1179 1057 1190; x_wconf 93' lang='lat'>.</span> <span class='ocrx_word' id='word_1_52' title='bbox 1118 1178 1124 1190; x_wconf 92' lang='lat'><strong>.</strong></span> 
     </span>
     <span class='ocr_line' id='line_1_8' title="bbox 153 1234 1123 1321; baseline -0.003 -20"><span class='ocrx_word' id='word_1_53' title='bbox 153 1234 278 1321; x_wconf 71' lang='lat' dir='ltr'><strong>Neque</strong></span> <span class='ocrx_word' id='word_1_54' title='bbox 301 1235 364 1301; x_wconf 88' lang='lat' dir='ltr'><strong>fuit</strong></span> <span class='ocrx_word' id='word_1_55' title='bbox 385 1258 480 1319; x_wconf 78' lang='lat' dir='ltr'><strong>neque</strong></span> <span class='ocrx_word' id='word_1_56' title='bbox 501 1239 561 1301; x_wconf 82' lang='lat' dir='ltr'><strong>erit</strong></span> <span class='ocrx_word' id='word_1_57' title='bbox 583 1258 686 1320; x_wconf 88' lang='lat' dir='ltr'><strong>neque</strong></span> <span class='ocrx_word' id='word_1_58' title='bbox 709 1257 780 1301; x_wconf 89' lang='lat' dir='ltr'><strong>esse</strong></span> <span class='ocrx_word' id='word_1_59' title='bbox 803 1257 995 1320; x_wconf 84' lang='lat' dir='ltr'><strong>quemquam</strong></span> <span class='ocrx_word' id='word_1_60' title='bbox 1050 1287 1056 1298; x_wconf 93' lang='lat'><strong>.</strong></span> <span class='ocrx_word' id='word_1_61' title='bbox 1117 1285 1123 1298; x_wconf 94' lang='lat'><strong>.</strong></span> 
     </span>
     <span class='ocr_line' id='line_1_9' title="bbox 159 1342 1125 1429; baseline -0.003 -22"><span class='ocrx_word' id='word_1_62' title='bbox 159 1342 200 1408; x_wconf 88' lang='lat' dir='ltr'><strong>Si</strong></span> <span class='ocrx_word' id='word_1_63' title='bbox 226 1343 291 1408; x_wconf 73' lang='lat' dir='ltr'><strong>hcc</strong></span> <span class='ocrx_word' id='word_1_64' title='bbox 313 1345 421 1428; x_wconf 76' lang='lat' dir='ltr'><strong>palam</strong></span> <span class='ocrx_word' id='word_1_65' title='bbox 443 1343 552 1409; x_wconf 83' lang='lat' dir='ltr'><strong>fuerit.</strong></span> <span class='ocrx_word' id='word_1_66' title='bbox 588 1344 665 1429; x_wconf 91' lang='lat' dir='ltr'><strong>quid</strong></span> <span class='ocrx_word' id='word_1_67' title='bbox 688 1345 780 1427; x_wconf 88' lang='lat' dir='ltr'><strong>peius</strong></span> <span class='ocrx_word' id='word_1_68' title='bbox 853 1392 1125 1406; x_wconf 89' lang='lat'><strong>.....</strong></span> 
     </span>
    </p>
   </div>
   <div class='ocr_carea' id='block_1_4' title="bbox 46 1485 1351 2419">
    <p class='ocr_par' dir='ltr' id='par_1_4' title="bbox 46 1485 1223 1679">
     <span class='ocr_line' id='line_1_10' title="bbox 46 1485 1223 1574; baseline -0.003 -22"><span class='ocrx_word' id='word_1_69' title='bbox 46 1509 212 1574; x_wconf 88' lang='lat' dir='ltr'><strong>quorum</strong></span> <span class='ocrx_word' id='word_1_70' title='bbox 239 1507 388 1551; x_wconf 85' lang='lat' dir='ltr'><strong>versuum</strong></span> <span class='ocrx_word' id='word_1_71' title='bbox 412 1488 516 1572; x_wconf 88' lang='lat' dir='ltr'><strong>primo</strong></span> <span class='ocrx_word' id='word_1_72' title='bbox 540 1488 569 1550; x_wconf 93' lang='lat' dir='ltr'><strong>si</strong></span> <span class='ocrx_word' id='word_1_73' title='bbox 592 1508 657 1552; x_wconf 89' lang='lat' dir='ltr'><strong>non</strong></span> <span class='ocrx_word' id='word_1_74' title='bbox 680 1487 864 1550; x_wconf 86' lang='lat' dir='ltr'><strong>necessario</strong></span> <span class='ocrx_word' id='word_1_75' title='bbox 883 1485 1058 1569; x_wconf 80' lang='lat' dir='ltr'><strong>requiritur</strong></span> <span class='ocrx_word' id='word_1_76' title='bbox 1076 1485 1223 1567; x_wconf 87' lang='lat' dir='ltr'><strong>mutatio,</strong></span> 
     </span>
     <span class='ocr_line' id='line_1_11' title="bbox 46 1589 1222 1679; baseline -0.006 -18"><span class='ocrx_word' id='word_1_77' title='bbox 46 1602 182 1661; x_wconf 82' lang='lat' dir='ltr'><strong>tamen</strong></span> <span class='ocrx_word' id='word_1_78' title='bbox 215 1593 372 1677; x_wconf 90' lang='lat' dir='ltr'><strong>quoniam</strong></span> <span class='ocrx_word' id='word_1_79' title='bbox 403 1595 505 1659; x_wconf 88' lang='lat' dir='ltr'><strong>multo</strong></span> <span class='ocrx_word' id='word_1_80' title='bbox 536 1594 643 1658; x_wconf 89' lang='lat' dir='ltr'><strong>minus</strong></span> <span class='ocrx_word' id='word_1_81' title='bbox 673 1593 798 1679; x_wconf 86' lang='lat' dir='ltr'><strong>gratiae</strong></span> <span class='ocrx_word' id='word_1_82' title='bbox 828 1592 986 1656; x_wconf 90' lang='lat' dir='ltr'><strong>habere-</strong></span> <span class='ocrx_word' id='word_1_83' title='bbox 1000 1615 1019 1640; x_wconf 68' lang='grc' dir='ltr'><strong>υ</strong></span> <span class='ocrx_word' id='word_1_84' title='bbox 1035 1589 1039 1658; x_wconf 83' lang='grc' dir='ltr'><strong>Ι</strong></span> <span class='ocrx_word' id='word_1_85' title='bbox 1053 1608 1102 1641; x_wconf 59' lang='lat' dir='ltr'><strong><em>w</em></strong></span> <span class='ocrx_word' id='word_1_86' title='bbox 1126 1614 1222 1675; x_wconf 91' lang='lat' dir='ltr'><strong>quam</strong></span> 
     </span>
    </p>

    <p class='ocr_par' dir='ltr' id='par_1_5' title="bbox 49 1698 1351 1998">
     <span class='ocr_line' id='line_1_12' title="bbox 50 1698 1224 1797; baseline -0.007 -28"><span class='ocrx_word' id='word_1_87' title='bbox 50 1702 94 1797; x_wconf 72' lang='lat' dir='ltr'><strong>-l</strong></span> <span class='ocrx_word' id='word_1_88' title='bbox 110 1727 135 1753; x_wconf 72' lang='grc' dir='ltr'><strong>υ</strong></span> <span class='ocrx_word' id='word_1_89' title='bbox 147 1719 169 1751; x_wconf 62' lang='lat' dir='ltr'><em>L</em></span> <span class='ocrx_word' id='word_1_90' title='bbox 190 1701 247 1765; x_wconf 78' lang='lat' dir='ltr'><strong>vel</strong></span> <span class='ocrx_word' id='word_1_91' title='bbox 264 1725 283 1750; x_wconf 77' lang='grc' dir='ltr'><strong>υ</strong></span> <span class='ocrx_word' id='word_1_92' title='bbox 296 1724 315 1750; x_wconf 66' lang='grc' dir='ltr'><strong>υ</strong></span> <span class='ocrx_word' id='word_1_93' title='bbox 330 1698 335 1770; x_wconf 88' lang='grc' dir='ltr'><strong>Ι</strong></span> <span class='ocrx_word' id='word_1_94' title='bbox 350 1724 369 1750; x_wconf 67' lang='lat' dir='ltr'>v</span> <span class='ocrx_word' id='word_1_95' title='bbox 380 1718 398 1750; x_wconf 58' lang='lat' dir='ltr'><em>L</em></span> <span class='ocrx_word' id='word_1_96' title='bbox 417 1701 582 1783; x_wconf 86' lang='lat' dir='ltr'><strong>sentimus,</strong></span> <span class='ocrx_word' id='word_1_97' title='bbox 606 1704 712 1764; x_wconf 88' lang='lat' dir='ltr'><strong>certae</strong></span> <span class='ocrx_word' id='word_1_98' title='bbox 732 1700 912 1784; x_wconf 72' lang='lat' dir='ltr'><strong>elegantiae</strong></span> <span class='ocrx_word' id='word_1_99' title='bbox 930 1699 1025 1763; x_wconf 85' lang='lat' dir='ltr'><strong>laude</strong></span> <span class='ocrx_word' id='word_1_100' title='bbox 1044 1698 1224 1782; x_wconf 77' lang='lat' dir='ltr'><strong>praestabit</strong></span> 
     </span>
     <span class='ocr_line' id='line_1_13' title="bbox 49 1805 1351 1893; baseline -0.006 -16"><span class='ocrx_word' id='word_1_101' title='bbox 49 1812 176 1893; x_wconf 70' lang='lat' dir='ltr'><strong>Atqroe</strong></span> <span class='ocrx_word' id='word_1_102' title='bbox 203 1828 277 1872; x_wconf 82' lang='lat' dir='ltr'><strong>eum</strong></span> <span class='ocrx_word' id='word_1_103' title='bbox 303 1808 372 1872; x_wconf 81' lang='lat' dir='ltr'><strong>crim</strong></span> <span class='ocrx_word' id='word_1_104' title='bbox 398 1828 509 1890; x_wconf 62' lang='lat' dir='ltr'><strong>mm</strong></span> <span class='ocrx_word' id='word_1_105' title='bbox 536 1805 710 1888; x_wconf 47' lang='lat' dir='ltr'><strong>dederam:</strong></span> <span class='ocrx_word' id='word_1_106' title='bbox 743 1806 883 1871; x_wconf 89' lang='lat' dir='ltr'><strong>secundo</strong></span> <span class='ocrx_word' id='word_1_107' title='bbox 912 1811 1020 1871; x_wconf 89' lang='lat' dir='ltr'><strong>autem</strong></span> <span class='ocrx_word' id='word_1_108' title='bbox 1050 1807 1222 1890; x_wconf 83' lang='lat' dir='ltr'><strong>insequens</strong></span> <span class='ocrx_word' id='word_1_109' title='bbox 1237 1828 1351 1869; x_wconf 81' lang='lat' dir='ltr'><strong>ccxnvr</strong></span> 
     </span>
     <span class='ocr_line' id='line_1_14' title="bbox 49 1910 1223 1998; baseline -0.003 -17"><span class='ocrx_word' id='word_1_110' title='bbox 49 1910 174 1981; x_wconf 76' lang='lat' dir='ltr'><strong>nescio</strong></span> <span class='ocrx_word' id='word_1_111' title='bbox 202 1914 368 1997; x_wconf 89' lang='lat' dir='ltr'><strong>spondeus</strong></span> <span class='ocrx_word' id='word_1_112' title='bbox 396 1914 476 1979; x_wconf 88' lang='lat' dir='ltr'><strong>adeo</strong></span> <span class='ocrx_word' id='word_1_113' title='bbox 500 1917 599 1998; x_wconf 88' lang='lat' dir='ltr'><strong>auget</strong></span> <span class='ocrx_word' id='word_1_114' title='bbox 622 1912 769 1997; x_wconf 86' lang='lat' dir='ltr'><strong>prolecto</strong></span> <span class='ocrx_word' id='word_1_115' title='bbox 793 1918 981 1978; x_wconf 88' lang='lat' dir='ltr'><strong>accentuum</strong></span> <span class='ocrx_word' id='word_1_116' title='bbox 1006 1913 1223 1996; x_wconf 85' lang='lat' dir='ltr'><strong>insolentiam,</strong></span> 
     </span>
    </p>

    <p class='ocr_par' dir='ltr' id='par_1_6' title="bbox 51 2019 1223 2321">
     <span class='ocr_line' id='line_1_15' title="bbox 54 2019 1223 2104; baseline -0.003 -17"><span class='ocrx_word' id='word_1_117' title='bbox 54 2029 96 2087; x_wconf 89' lang='lat' dir='ltr'><strong>ut</strong></span> <span class='ocrx_word' id='word_1_118' title='bbox 133 2022 194 2085; x_wconf 84' lang='lat' dir='ltr'><strong>vix</strong></span> <span class='ocrx_word' id='word_1_119' title='bbox 230 2019 512 2104; x_wconf 87' lang='lat' dir='ltr'><strong>reprehendendus</strong></span> <span class='ocrx_word' id='word_1_120' title='bbox 545 2021 588 2084; x_wconf 89' lang='lat' dir='ltr'><strong>sit</strong></span> <span class='ocrx_word' id='word_1_121' title='bbox 620 2020 673 2104; x_wconf 91' lang='lat' dir='ltr'><strong>qui</strong></span> <span class='ocrx_word' id='word_1_122' title='bbox 707 2042 779 2084; x_wconf 90' lang='lat' dir='ltr'><strong>eam</strong></span> <span class='ocrx_word' id='word_1_123' title='bbox 813 2020 929 2084; x_wconf 89' lang='lat' dir='ltr'><strong>saltem</strong></span> <span class='ocrx_word' id='word_1_124' title='bbox 962 2021 1101 2086; x_wconf 79' lang='lat' dir='ltr'><strong>iambica</strong></span> <span class='ocrx_word' id='word_1_125' title='bbox 1132 2041 1223 2102; x_wconf 72' lang='lat' dir='ltr'><strong>rupae</strong></span> 
     </span>
     <span class='ocr_line' id='line_1_16' title="bbox 51 2127 1221 2213; baseline -0.006 -17"><span class='ocrx_word' id='word_1_126' title='bbox 51 2131 179 2196; x_wconf 84' lang='lat' dir='ltr'><strong>forma</strong></span> <span class='ocrx_word' id='word_1_127' title='bbox 212 2128 249 2191; x_wconf 90' lang='lat' dir='ltr'><strong>in</strong></span> <span class='ocrx_word' id='word_1_128' title='bbox 281 2128 507 2211; x_wconf 83' lang='lat' dir='ltr'><strong>anapaesticae</strong></span> <span class='ocrx_word' id='word_1_129' title='bbox 538 2128 655 2210; x_wconf 72' lang='lat' dir='ltr'><strong>rupitne</strong></span> <span class='ocrx_word' id='word_1_130' title='bbox 686 2127 792 2192; x_wconf 92' lang='lat' dir='ltr'><strong>locum</strong></span> <span class='ocrx_word' id='word_1_131' title='bbox 826 2128 1004 2192; x_wconf 84' lang='lat' dir='ltr'><strong>substituta</strong></span> <span class='ocrx_word' id='word_1_132' title='bbox 1036 2128 1146 2213; x_wconf 88' lang='lat' dir='ltr'><strong>aliqua</strong></span> <span class='ocrx_word' id='word_1_133' title='bbox 1183 2150 1221 2190; x_wconf 86' lang='lat' dir='ltr'><strong>ex</strong></span> 
     </span>
     <span class='ocr_line' id='line_1_17' title="bbox 56 2230 700 2321; baseline -0.005 -21"><span class='ocrx_word' id='word_1_134' title='bbox 56 2240 165 2321; x_wconf 85' lang='lat' dir='ltr'><strong>parte</strong></span> <span class='ocrx_word' id='word_1_135' title='bbox 190 2234 294 2298; x_wconf 88' lang='lat' dir='ltr'><strong>lenire</strong></span> <span class='ocrx_word' id='word_1_136' title='bbox 318 2234 468 2299; x_wconf 86' lang='lat' dir='ltr'><strong>instituat</strong></span> <span class='ocrx_word' id='word_1_137' title='bbox 492 2232 551 2315; x_wconf 92' lang='lat' dir='ltr'><strong>[sic</strong></span> <span class='ocrx_word' id='word_1_138' title='bbox 574 2230 700 2313; x_wconf 76' lang='lat' dir='ltr'><strong>Trin.²].</strong></span> 
     </span>
    </p>

    <p class='ocr_par' dir='ltr' id='par_1_7' title="bbox 56 2339 351 2419">
     <span class='ocr_line' id='line_1_18' title="bbox 56 2339 351 2419; baseline -0.017 -12"><span class='ocrx_word' id='word_1_139' title='bbox 56 2342 123 2419; x_wconf 82' lang='grc' dir='ltr'><strong>Βγ</strong></span> <span class='ocrx_word' id='word_1_140' title='bbox 151 2339 248 2405; x_wconf 82' lang='lat' dir='ltr'><strong>Trin.</strong></span> <span class='ocrx_word' id='word_1_141' title='bbox 273 2340 351 2405; x_wconf 76' lang='lat'>720:</span> 
     </span>
    </p>
   </div>
   <div class='ocr_carea' id='block_1_5' title="bbox 159 2481 1126 2570">
    <p class='ocr_par' dir='ltr' id='par_1_8' title="bbox 159 2481 1126 2570">
     <span class='ocr_line' id='line_1_19' title="bbox 159 2481 1126 2570; baseline 0.002 -24"><span class='ocrx_word' id='word_1_142' title='bbox 159 2481 353 2547; x_wconf 75' lang='lat' dir='ltr'><strong>Fulmentas</strong></span> <span class='ocrx_word' id='word_1_143' title='bbox 375 2483 504 2547; x_wconf 72' lang='lat' dir='ltr'><strong>iubeam</strong></span> <span class='ocrx_word' id='word_1_144' title='bbox 527 2485 680 2570; x_wconf 82' lang='lat' dir='ltr'><strong>suppingi</strong></span> <span class='ocrx_word' id='word_1_145' title='bbox 718 2534 1126 2548; x_wconf 91' lang='grc'><strong>.......</strong></span> 
     </span>
    </p>
   </div>
   <div class='ocr_carea' id='block_1_6' title="bbox 63 2625 1223 2905">
    <p class='ocr_par' dir='ltr' id='par_1_9' title="bbox 63 2625 1223 2905">
     <span class='ocr_line' id='line_1_20' title="bbox 63 2625 1223 2713; baseline -0.003 -21"><span class='ocrx_word' id='word_1_146' title='bbox 63 2648 171 2713; x_wconf 92' lang='lat' dir='ltr'><strong>quem</strong></span> <span class='ocrx_word' id='word_1_147' title='bbox 196 2626 227 2689; x_wconf 90' lang='lat' dir='ltr'><strong>si</strong></span> <span class='ocrx_word' id='word_1_148' title='bbox 251 2625 292 2689; x_wconf 88' lang='lat' dir='ltr'><strong>ad</strong></span> <span class='ocrx_word' id='word_1_149' title='bbox 315 2625 471 2690; x_wconf 87' lang='lat' dir='ltr'><strong>maiorem</strong></span> <span class='ocrx_word' id='word_1_150' title='bbox 495 2626 620 2691; x_wconf 88' lang='lat' dir='ltr'><strong>scilicet</strong></span> <span class='ocrx_word' id='word_1_151' title='bbox 643 2628 824 2710; x_wconf 84' lang='lat' dir='ltr'><strong>elegantiae</strong></span> <span class='ocrx_word' id='word_1_152' title='bbox 843 2628 983 2712; x_wconf 89' lang='lat' dir='ltr'><strong>speciem</strong></span> <span class='ocrx_word' id='word_1_153' title='bbox 1003 2628 1108 2692; x_wconf 86' lang='lat' dir='ltr'><strong>noluit</strong></span> <span class='ocrx_word' id='word_1_154' title='bbox 1126 2630 1223 2710; x_wconf 86' lang='lat' dir='ltr'><strong>poeta</strong></span> 
     </span>
     <span class='ocr_line' id='line_1_21' title="bbox 66 2731 1223 2815; baseline -0.002 -17"><span class='ocrx_word' id='word_1_155' title='bbox 66 2735 117 2798; x_wconf 84' lang='lat' dir='ltr'><strong>sie</strong></span> <span class='ocrx_word' id='word_1_156' title='bbox 139 2752 308 2811; x_wconf 82' lang='lat' dir='ltr'><strong>revocare,</strong></span> <span class='ocrx_word' id='word_1_157' title='bbox 331 2731 514 2796; x_wconf 67' lang='lat' dir='ltr'><strong>Fulmeutcis</strong></span> <span class='ocrx_word' id='word_1_158' title='bbox 531 2735 677 2815; x_wconf 75' lang='lat' dir='ltr'><strong>mcppe‘npi</strong></span> <span class='ocrx_word' id='word_1_159' title='bbox 695 2734 823 2811; x_wconf 68' lang='lat' dir='ltr'><strong>iubeam,</strong></span> <span class='ocrx_word' id='word_1_160' title='bbox 847 2734 952 2797; x_wconf 88' lang='lat' dir='ltr'><strong>minus</strong></span> <span class='ocrx_word' id='word_1_161' title='bbox 971 2735 1069 2798; x_wconf 90' lang='lat' dir='ltr'><strong>etiarn</strong></span> <span class='ocrx_word' id='word_1_162' title='bbox 1090 2755 1223 2798; x_wconf 79' lang='lat' dir='ltr'><strong>caussae</strong></span> 
     </span>
     <span class='ocr_line' id='line_1_22' title="bbox 68 2837 638 2905; baseline -0.002 -2"><span class='ocrx_word' id='word_1_163' title='bbox 68 2845 124 2905; x_wconf 83' lang='lat' dir='ltr'><strong>est</strong></span> <span class='ocrx_word' id='word_1_164' title='bbox 149 2860 211 2903; x_wconf 88' lang='lat' dir='ltr'><strong>cur</strong></span> <span class='ocrx_word' id='word_1_165' title='bbox 235 2838 269 2900; x_wconf 91' lang='lat' dir='ltr'><strong>in</strong></span> <span class='ocrx_word' id='word_1_166' title='bbox 293 2860 322 2901; x_wconf 87' lang='lat' dir='ltr'><strong>v.</strong></span> <span class='ocrx_word' id='word_1_167' title='bbox 345 2837 410 2901; x_wconf 84' lang='lat'><strong>905</strong></span> <span class='ocrx_word' id='word_1_168' title='bbox 433 2838 638 2904; x_wconf 88' lang='lat' dir='ltr'><strong>haereamus:</strong></span> 
     </span>
    </p>
   </div>
   <div class='ocr_carea' id='block_1_7' title="bbox 64 2978 1127 3497">
    <p class='ocr_par' dir='ltr' id='par_1_10' title="bbox 64 2978 1127 3203">
     <span class='ocr_line' id='line_1_23' title="bbox 163 2978 1127 3048; baseline 0.003 -3"><span class='ocrx_word' id='word_1_169' title='bbox 163 2978 332 3046; x_wconf 80' lang='lat' dir='ltr'><strong>N6uist1‘n’</strong></span> <span class='ocrx_word' id='word_1_170' title='bbox 357 2980 543 3046; x_wconf 72' lang='lat' dir='ltr'><strong>hominem?</strong></span> <span class='ocrx_word' id='word_1_171' title='bbox 581 2983 726 3048; x_wconf 84' lang='lat' dir='ltr'><strong>Ridicule</strong></span> <span class='ocrx_word' id='word_1_172' title='bbox 788 3035 1127 3048; x_wconf 85' lang='lat'><strong>......</strong></span> 
     </span>
     <span class='ocr_line' id='line_1_24' title="bbox 64 3123 438 3203; baseline -0.013 -12"><span class='ocrx_word' id='word_1_173' title='bbox 64 3129 112 3203; x_wconf 75' lang='grc' dir='ltr'><strong>Ιιγ</strong></span> <span class='ocrx_word' id='word_1_174' title='bbox 140 3123 263 3188; x_wconf 87' lang='lat' dir='ltr'><strong>Bacch.</strong></span> <span class='ocrx_word' id='word_1_175' title='bbox 287 3124 438 3203; x_wconf 72' lang='lat'>601911:</span> 
     </span>
    </p>

    <p class='ocr_par' dir='ltr' id='par_1_11' title="bbox 64 3265 1127 3497">
     <span class='ocr_line' id='line_1_25' title="bbox 163 3265 1127 3353; baseline 0.005 -22"><span class='ocrx_word' id='word_1_176' title='bbox 163 3265 288 3331; x_wconf 74' lang='lat' dir='ltr'><strong>Sumne</strong></span> <span class='ocrx_word' id='word_1_177' title='bbox 313 3268 421 3330; x_wconf 69' lang='lat' dir='ltr'><strong>autem</strong></span> <span class='ocrx_word' id='word_1_178' title='bbox 445 3265 543 3330; x_wconf 80' lang='lat' dir='ltr'><strong>nihih‘</strong></span> <span class='ocrx_word' id='word_1_179' title='bbox 565 3268 619 3351; x_wconf 91' lang='lat' dir='ltr'><strong>qui</strong></span> <span class='ocrx_word' id='word_1_180' title='bbox 643 3292 799 3353; x_wconf 85' lang='lat' dir='ltr'><strong>nequeam</strong></span> <span class='ocrx_word' id='word_1_181' title='bbox 854 3323 1127 3336; x_wconf 89' lang='lat'><strong><em>.....</em></strong></span> 
     </span>
     <span class='ocr_line' id='line_1_26' title="bbox 64 3409 960 3497; baseline -0.001 -20"><span class='ocrx_word' id='word_1_182' title='bbox 64 3415 112 3489; x_wconf 76' lang='grc' dir='ltr'><strong>ἀγ</strong></span> <span class='ocrx_word' id='word_1_183' title='bbox 140 3410 237 3474; x_wconf 83' lang='lat' dir='ltr'><strong>Trin.</strong></span> <span class='ocrx_word' id='word_1_184' title='bbox 255 3409 329 3474; x_wconf 79' lang='lat'>965.</span> <span class='ocrx_word' id='word_1_185' title='bbox 369 3409 484 3476; x_wconf 89' lang='lat' dir='ltr'><strong>Bacch.</strong></span> <span class='ocrx_word' id='word_1_186' title='bbox 504 3411 546 3474; x_wconf 84' lang='lat'><strong>39</strong></span> <span class='ocrx_word' id='word_1_187' title='bbox 572 3413 652 3492; x_wconf 69' lang='grc' dir='ltr'><strong>ΙΙΟΙ.</strong></span> <span class='ocrx_word' id='word_1_188' title='bbox 688 3412 755 3476; x_wconf 77' lang='lat' dir='ltr'><strong>llil.</strong></span> <span class='ocrx_word' id='word_1_189' title='bbox 775 3413 836 3496; x_wconf 81' lang='grc' dir='ltr'><strong>ΙΙΙ,</strong></span> <span class='ocrx_word' id='word_1_190' title='bbox 860 3418 886 3497; x_wconf 82' lang='lat'><strong>1,</strong></span> <span class='ocrx_word' id='word_1_191' title='bbox 905 3416 960 3478; x_wconf 70' lang='lat'><strong>36:</strong></span> 
     </span>
    </p>
   </div>
   <div class='ocr_carea' id='block_1_8' title="bbox 117 3534 1224 3852">
    <p class='ocr_par' dir='ltr' id='par_1_12' title="bbox 117 3534 1224 3852">
     <span class='ocr_line' id='line_1_27' title="bbox 163 3534 1127 3637; baseline 0.003 -21"><span class='ocrx_word' id='word_1_192' title='bbox 163 3534 276 3636; x_wconf 66' lang='lat' dir='ltr'><strong>litque</strong></span> <span class='ocrx_word' id='word_1_193' title='bbox 299 3550 397 3615; x_wconf 73' lang='lat' dir='ltr'><strong>etiaim</strong></span> <span class='ocrx_word' id='word_1_194' title='bbox 423 3550 609 3637; x_wconf 77' lang='lat' dir='ltr'><strong>Philippum</strong></span> <span class='ocrx_word' id='word_1_195' title='bbox 634 3561 838 3619; x_wconf 84' lang='lat' dir='ltr'><strong>numeratum</strong></span> <span class='ocrx_word' id='word_1_196' title='bbox 854 3608 1127 3619; x_wconf 92' lang='grc'><em>.....</em></span> 
     </span>
     <span class='ocr_line' id='line_1_28' title="bbox 117 3657 1127 3752; baseline 0.002 -28"><span class='ocrx_word' id='word_1_197' title='bbox 117 3748 119 3752; x_wconf 8' lang='lat'>³</span> <span class='ocrx_word' id='word_1_198' title='bbox 161 3660 230 3724; x_wconf 83' lang='lat' dir='ltr'><strong>Pr6</strong></span> <span class='ocrx_word' id='word_1_199' title='bbox 255 3657 349 3743; x_wconf 74' lang='lat' dir='ltr'><strong>galesi</strong></span> <span class='ocrx_word' id='word_1_200' title='bbox 372 3660 556 3743; x_wconf 73' lang='lat' dir='ltr'><strong>scaphium,</strong></span> <span class='ocrx_word' id='word_1_201' title='bbox 579 3683 637 3744; x_wconf 90' lang='lat' dir='ltr'><strong>pro</strong></span> <span class='ocrx_word' id='word_1_202' title='bbox 661 3662 781 3746; x_wconf 86' lang='lat' dir='ltr'><strong>insigni</strong></span> <span class='ocrx_word' id='word_1_203' title='bbox 854 3714 1127 3726; x_wconf 92' lang='grc'>.....</span> 
     </span>
     <span class='ocr_line' id='line_1_29' title="bbox 162 3764 1224 3852; baseline 0 -20"><span class='ocrx_word' id='word_1_204' title='bbox 162 3767 263 3832; x_wconf 77' lang='lat' dir='ltr'><strong>Clare</strong></span> <span class='ocrx_word' id='word_1_205' title='bbox 283 3764 385 3829; x_wconf 81' lang='lat' dir='ltr'><strong>ocuh&#39;s</strong></span> <span class='ocrx_word' id='word_1_206' title='bbox 406 3766 509 3848; x_wconf 72' lang='lat' dir='ltr'><strong>uideri,</strong></span> <span class='ocrx_word' id='word_1_207' title='bbox 528 3790 598 3831; x_wconf 87' lang='lat' dir='ltr'><strong>sum</strong></span> <span class='ocrx_word' id='word_1_208' title='bbox 618 3770 731 3852; x_wconf 82' lang='lat' dir='ltr'><strong>pernix</strong></span> <span class='ocrx_word' id='word_1_209' title='bbox 752 3769 910 3852; x_wconf 71' lang='lat' dir='ltr'><strong>manibus,</strong></span> <span class='ocrx_word' id='word_1_210' title='bbox 930 3770 1064 3852; x_wconf 84' lang='lat' dir='ltr'><strong>pedihus</strong></span> <span class='ocrx_word' id='word_1_211' title='bbox 1080 3767 1224 3832; x_wconf 71' lang='lat' dir='ltr'><strong>mutilis:</strong></span> 
     </span>
    </p>
   </div>
   <div class='ocr_carea' id='block_1_9' title="bbox 63 3907 1225 4209">
    <p class='ocr_par' dir='ltr' id='par_1_13' title="bbox 63 3907 1225 4209">
     <span class='ocr_line' id='line_1_30' title="bbox 66 3907 1223 3995; baseline -0.004 -17"><span class='ocrx_word' id='word_1_212' title='bbox 66 3915 115 3978; x_wconf 86' lang='lat' dir='ltr'><strong>sic</strong></span> <span class='ocrx_word' id='word_1_213' title='bbox 140 3910 234 3976; x_wconf 89' lang='lat' dir='ltr'><strong>enim</strong></span> <span class='ocrx_word' id='word_1_214' title='bbox 259 3928 297 3972; x_wconf 81' lang='lat' dir='ltr'><strong>ex</strong></span> <span class='ocrx_word' id='word_1_215' title='bbox 322 3907 522 3991; x_wconf 85' lang='lat' dir='ltr'><strong>optimorum</strong></span> <span class='ocrx_word' id='word_1_216' title='bbox 548 3910 692 3995; x_wconf 84' lang='lat' dir='ltr'><strong>vestigiis</strong></span> <span class='ocrx_word' id='word_1_217' title='bbox 718 3912 873 3975; x_wconf 86' lang='lat' dir='ltr'><strong>librorum</strong></span> <span class='ocrx_word' id='word_1_218' title='bbox 897 3912 1110 3975; x_wconf 83' lang='lat' dir='ltr'><strong>scribendum.</strong></span> <span class='ocrx_word' id='word_1_219' title='bbox 1140 3909 1223 3974; x_wconf 89' lang='lat' dir='ltr'><strong>Nam</strong></span> 
     </span>
     <span class='ocr_line' id='line_1_31' title="bbox 65 4016 1225 4101; baseline -0.003 -16"><span class='ocrx_word' id='word_1_220' title='bbox 65 4023 99 4085; x_wconf 92' lang='lat' dir='ltr'><strong>in</strong></span> <span class='ocrx_word' id='word_1_221' title='bbox 130 4016 339 4084; x_wconf 83' lang='lat' dir='ltr'><strong>tralaticium</strong></span> <span class='ocrx_word' id='word_1_222' title='bbox 368 4017 541 4081; x_wconf 84' lang='lat' dir='ltr'><strong>verborum</strong></span> <span class='ocrx_word' id='word_1_223' title='bbox 565 4018 710 4082; x_wconf 88' lang='lat' dir='ltr'><strong>ordinem</strong></span> <span class='ocrx_word' id='word_1_224' title='bbox 735 4019 830 4083; x_wconf 64' lang='lat' dir='ltr'><strong>(tta-e</strong></span> <span class='ocrx_word' id='word_1_225' title='bbox 858 4019 953 4083; x_wconf 70' lang='lat' dir='ltr'><strong>ocum</strong></span> <span class='ocrx_word' id='word_1_226' title='bbox 981 4019 1083 4095; x_wconf 64' lang='lat' dir='ltr'><strong>reaten,</strong></span> <span class='ocrx_word' id='word_1_227' title='bbox 1110 4020 1225 4101; x_wconf 65' lang='lat' dir='ltr'><strong>pernix</strong></span> 
     </span>
     <span class='ocr_line' id='line_1_32' title="bbox 63 4118 1225 4209; baseline -0.004 -16"><span class='ocrx_word' id='word_1_228' title='bbox 63 4149 135 4193; x_wconf 70' lang='lat' dir='ltr'><strong>ment</strong></span> <span class='ocrx_word' id='word_1_229' title='bbox 160 4125 254 4191; x_wconf 89' lang='lat' dir='ltr'><strong>idem</strong></span> <span class='ocrx_word' id='word_1_230' title='bbox 278 4124 369 4188; x_wconf 83' lang='lat' dir='ltr'><strong>cudit</strong></span> <span class='ocrx_word' id='word_1_231' title='bbox 396 4124 541 4208; x_wconf 82' lang='lat' dir='ltr'><strong>profecto</strong></span> <span class='ocrx_word' id='word_1_232' title='bbox 571 4126 655 4209; x_wconf 91' lang='lat' dir='ltr'><strong>quod</strong></span> <span class='ocrx_word' id='word_1_233' title='bbox 683 4127 717 4189; x_wconf 91' lang='lat' dir='ltr'><strong>in</strong></span> <span class='ocrx_word' id='word_1_234' title='bbox 741 4126 847 4190; x_wconf 71' lang='lat' dir='ltr'><strong>Multa</strong></span> <span class='ocrx_word' id='word_1_235' title='bbox 870 4125 965 4191; x_wconf 69' lang='lat' dir='ltr'><strong>sinerii</strong></span> <span class='ocrx_word' id='word_1_236' title='bbox 988 4125 1104 4206; x_wconf 68' lang='lat' dir='ltr'><strong>rupinis</strong></span> <span class='ocrx_word' id='word_1_237' title='bbox 1125 4118 1225 4189; x_wconf 76' lang='lat' dir='ltr'><strong>nescio</strong></span> 
     </span>
    </p>
   </div>
   <div class='ocr_carea' id='block_1_10' title="bbox 59 4299 1225 4546">
    <p class='ocr_par' dir='ltr' id='par_1_14' title="bbox 59 4299 1225 4546">
     <span class='ocr_line' id='line_1_33' title="bbox 153 4299 1225 4374; baseline -0.005 -16"><span class='ocrx_word' id='word_1_238' title='bbox 153 4306 184 4374; x_wconf 82' lang='grc'><strong>*)</strong></span> <span class='ocrx_word' id='word_1_239' title='bbox 206 4303 284 4374; x_wconf 86' lang='lat' dir='ltr'><strong>[Hoc</strong></span> <span class='ocrx_word' id='word_1_240' title='bbox 301 4301 346 4372; x_wconf 14' lang='lat' dir='ltr'><strong>yde</strong></span> <span class='ocrx_word' id='word_1_241' title='bbox 365 4299 486 4352; x_wconf 85' lang='lat' dir='ltr'><strong>numeris</strong></span> <span class='ocrx_word' id='word_1_242' title='bbox 509 4299 590 4353; x_wconf 86' lang='lat' dir='ltr'><strong>huius</strong></span> <span class='ocrx_word' id='word_1_243' title='bbox 610 4318 705 4354; x_wconf 87' lang='lat' dir='ltr'><strong>versus</strong></span> <span class='ocrx_word' id='word_1_244' title='bbox 725 4300 857 4354; x_wconf 88' lang='lat' dir='ltr'><strong>iudicium</strong></span> <span class='ocrx_word' id='word_1_245' title='bbox 879 4301 978 4370; x_wconf 84' lang='lat' dir='ltr'><strong>postea</strong></span> <span class='ocrx_word' id='word_1_246' title='bbox 997 4299 1051 4368; x_wconf 88' lang='lat' dir='ltr'><strong>ipsi</strong></span> <span class='ocrx_word' id='word_1_247' title='bbox 1071 4300 1225 4354; x_wconf 77' lang='lat' dir='ltr'><strong>ltitschelio</strong></span> 
     </span>
     <span class='ocr_line' id='line_1_34' title="bbox 59 4388 1225 4454; baseline -0.011 1"><span class='ocrx_word' id='word_1_248' title='bbox 59 4398 194 4454; x_wconf 78' lang='lat' dir='ltr'><strong>severine</strong></span> <span class='ocrx_word' id='word_1_249' title='bbox 213 4392 310 4448; x_wconf 80' lang='lat' dir='ltr'><strong>visum</strong></span> <span class='ocrx_word' id='word_1_250' title='bbox 332 4389 389 4453; x_wconf 83' lang='lat' dir='ltr'><strong>est;</strong></span> <span class='ocrx_word' id='word_1_251' title='bbox 418 4392 540 4443; x_wconf 83' lang='lat' dir='ltr'><strong>ceterum</strong></span> <span class='ocrx_word' id='word_1_252' title='bbox 560 4408 618 4442; x_wconf 79' lang='lat' dir='ltr'><strong>euru</strong></span> <span class='ocrx_word' id='word_1_253' title='bbox 638 4388 744 4443; x_wconf 84' lang='lat' dir='ltr'><strong>delevit</strong></span> <span class='ocrx_word' id='word_1_254' title='bbox 762 4389 790 4443; x_wconf 88' lang='lat' dir='ltr'><strong>in</strong></span> <span class='ocrx_word' id='word_1_255' title='bbox 810 4389 853 4442; x_wconf 89' lang='lat' dir='ltr'><strong>ed.</strong></span> <span class='ocrx_word' id='word_1_256' title='bbox 874 4390 921 4443; x_wconf 86' lang='lat' dir='ltr'><strong>alt.</strong></span> <span class='ocrx_word' id='word_1_257' title='bbox 942 4406 1005 4441; x_wconf 86' lang='lat' dir='ltr'><strong>cum</strong></span> <span class='ocrx_word' id='word_1_258' title='bbox 1026 4388 1165 4454; x_wconf 64' lang='lat' dir='ltr'><strong>Bestiae,</strong></span> <span class='ocrx_word' id='word_1_259' title='bbox 1195 4395 1225 4442; x_wconf 87' lang='lat' dir='ltr'><strong>ut</strong></span> 
     </span>
     <span class='ocr_line' id='line_1_35' title="bbox 59 4476 536 4546; baseline -0.036 -1"><span class='ocrx_word' id='word_1_260' title='bbox 59 4508 81 4543; x_wconf 83' lang='lat' dir='ltr'><strong>v.</strong></span> <span class='ocrx_word' id='word_1_261' title='bbox 103 4492 170 4543; x_wconf 73' lang='lat'><strong>682.</strong></span> <span class='ocrx_word' id='word_1_262' title='bbox 194 4487 250 4537; x_wconf 73' lang='lat'><strong>695</strong></span> <span class='ocrx_word' id='word_1_263' title='bbox 271 4482 302 4532; x_wconf 83' lang='lat' dir='ltr'><strong>et</strong></span> <span class='ocrx_word' id='word_1_264' title='bbox 324 4476 444 4529; x_wconf 71' lang='lat' dir='ltr'><strong>tortasse</strong></span> <span class='ocrx_word' id='word_1_265' title='bbox 464 4478 536 4546; x_wconf 69' lang='grc'><strong>887]</strong></span> 
     </span>
    </p>
   </div>
   <div class='ocr_carea' id='block_1_11' title="bbox 0 0 1481 5040">
    <p class='ocr_par' dir='ltr' id='par_1_15' title="bbox 0 0 1481 5040">
     <span class='ocr_line' id='line_1_36' title="bbox 0 0 1481 5040; baseline 0 0"><span class='ocrx_word' id='word_1_266' title='bbox 0 0 1481 5040; x_wconf 95' lang='lat' dir='ltr'><strong> </strong></span> 
     </span>
    </p>
   </div>
  </div>
 </body>
</html>
