2962 5032
433 328 728 377 sauronarroran
753 329 826 375 orn
850 315 1056 377 lnnnrcnns.
1253 310 1318 373 705

176 492 236 555 que
268 473 327 556 sit,
357 470 557 556 praefamur,
589 477 658 537 tum
687 471 814 537 eosdem
846 471 946 535 animi
978 494 1090 537 sensus
1118 471 1174 555 qui
1204 474 1317 533 nostro

177 578 307 643 nomine
334 598 442 642 coram
470 581 646 661 testentur,
679 578 804 663 legatos
833 577 1033 642 academicos
1063 577 1104 641 ad
1132 575 1201 640 Vos
1229 576 1317 640 misi-

177 704 247 750 mus
269 684 296 749 I.
320 682 357 749 G.
380 683 415 748 L.
438 684 540 768 ipsius
568 684 789 749 universitatis
812 682 951 749 Vestrae
982 683 1059 748 olim
1084 683 1262 765 alumnum,
1286 686 1319 746 et

178 789 199 856 1.
221 790 259 856 B.
284 790 341 873 H.,
363 791 456 855 illum
478 792 698 874 historiarum,
721 792 808 856 hunc
831 791 1017 875 theologiae
1040 789 1219 855 catholicae
1242 789 1320 854 Pro-

177 896 333 965 fessorem
354 897 388 962 P.
404 897 456 963 0.:
479 898 633 982 aquibus
654 898 714 962 hae
729 897 832 962 Vobis
853 898 981 963 litterae
1000 920 1073 962 cum
1092 896 1319 962 observantiae

175 1007 404 1072 testificatione
434 1011 471 1071 ut
501 1006 688 1071 confidimus
716 1006 948 1070 facundissima
976 1004 1158 1069 reddentur.
1204 1002 1319 1068 Valete

172 1115 336 1197 nobisque
358 1113 474 1177 favete.
924 1112 931 1126 ‘

262 1236 386 1300 Datum
409 1237 542 1301 Bonnae
565 1235 613 1300 VI
636 1235 712 1300 Idus
736 1235 893 1300 Octobres
917 1257 945 1298 a.
968 1251 1142 1299 nncccnx.

738 1683 767 1744 8.

156 1838 413 1907 Weihetafel
433 1863 505 1906 von
524 1840 589 1905 der
602 1839 1125 1926 Philologenversammlung
1142 1841 1182 1905 in
1197 1839 1322 1905 Gotha

342 1948 428 2014 1840
451 1945 649 2012 Gottfried
673 1945 868 2010 Hermann
892 1946 1162 2031 liberreicht*)

268 2106 305 2184 Q.
319 2107 355 2172 B.
370 2105 404 2172 F.
419 2106 453 2171 F.
468 2105 505 2182 Q.
520 2104 550 2170 S.
564 2104 574 2171 l
587 2105 668 2171 Viro
692 2107 868 2172 immortali
882 2134 884 2192 r
905 2106 1087 2172 Godofredo
1111 2107 1299 2172 Hermanno
1312 2108 1322 2191 l

160 2216 366 2283 criticorum
394 2213 558 2279 communi
586 2217 618 2277 et
646 2213 852 2299 popularium
876 2216 909 2276 et
932 2216 1115 2294 exterorum
1133 2212 1144 2296 ΙΙ
1162 2214 1323 2279 sententia

167 2321 321 2406 principi
337 2321 349 2405 ΙΙ
366 2320 452 2405 qtrod
476 2320 658 2386 litterarum
683 2321 889 2404 antiquarum
908 2320 994 2384 inter
1013 2319 1191 2385 Germanos
1215 2320 1323 2384 studia

168 2452 198 2493 e
213 2429 369 2513 languore
384 2427 578 2491 resuscitata
593 2426 762 2491 severioris
778 2426 858 2490 artis
872 2425 1008 2490 vinculis
1027 2427 1179 2491 astrinxit
1198 2430 1323 2510 erepto·

171 2556 244 2621 qne
268 2534 341 2599 aliis
366 2533 518 2620 gentibus
538 2533 738 2617 philologiae
757 2533 942 2616 principatu
962 2532 995 2596 in
1015 2555 1200 2618 supremum
1220 2533 1323 2616 digni-

169 2642 260 2708 tatis
284 2642 389 2706 locum
414 2641 534 2705 evexit:
607 2641 693 2725 quod
725 2639 929 2724 antiquitatis
962 2645 1173 2705 monumenta
1205 2640 1324 2704 litteris

177 2749 383 2833 consignata,
405 2768 469 2831 qua
491 2746 618 2811 ratione
638 2768 711 2810 cnm
731 2747 771 2810 ad
790 2746 964 2829 pristinum
983 2747 1125 2812 nitorem
1143 2746 1324 2813 revocanda

175 2860 252 2921 tum
280 2855 365 2920 iacto
392 2855 579 2920 firmissimo
608 2854 737 2918 criticae
766 2853 846 2917 artis
874 2852 1086 2919 fundamento
1117 2860 1202 2920 recte
1226 2856 1323 2919 inter-

179 2961 342 3047 pretanda
364 2965 482 3045 essent,
504 2966 538 3026 et
561 2960 725 3044 praeclare
749 2959 858 3024 docuit
882 2964 914 3023 et
933 2960 1199 3027 luculentissimis
1219 2984 1323 3027 exem-

181 3068 248 3153 plis
271 3068 552 3134 commonstravit:
630 3066 715 3152 quod
739 3067 985 3151 grammaticam
1014 3071 1118 3132 artem
1147 3068 1187 3133 ab
1216 3091 1324 3134 rerum

182 3176 372 3262 cognitione
401 3175 440 3239 ad
469 3196 657 3239 caussarum
685 3173 927 3260 indagationem
949 3172 1132 3239 traductam
1155 3175 1325 3240 incredibi-

183 3284 261 3348 liter
285 3281 383 3365 auxit,
407 3280 549 3346 Graecae
574 3286 682 3346 autern
705 3283 850 3367 linguae,
874 3303 972 3365 quam
994 3281 1081 3346 hand
1104 3282 1267 3347 immerito
1290 3282 1324 3345 in

183 3389 244 3454 illo
278 3389 432 3453 revixisse
466 3388 567 3472 dicas,
605 3393 797 3473 praeceptor
829 3389 930 3453 totius
964 3386 1155 3453 Germaniae
1192 3389 1326 3472 exstitit,

183 3516 285 3581 eoque
317 3495 473 3560 beneficio
505 3495 544 3558 de
574 3493 851 3580 promovenda**)
884 3516 919 3560 rc
951 3495 1147 3560 scholastica
1176 3495 1325 3559 universa

185 3601 362 3687 insigniter
384 3603 518 3667 meritus
543 3607 603 3667 est:
663 3601 746 3686 quod
771 3624 845 3665 rara
873 3601 939 3666 oris
967 3600 1119 3666 facundia
1146 3601 1325 3686 elegantiae

185 3709 305 3774 latinae
329 3713 362 3774 et
384 3710 536 3793 antiquae
565 3708 786 3792 simplicitatis
811 3713 844 3772 et
867 3729 994 3772 sensnm
1019 3713 1052 3772 et
1075 3707 1215 3772 studium
1240 3710 1326 3773 miri·

274 3972 300 4041 *)
319 3973 513 4044 [Abgedrueht
529 3973 558 4027 in
578 3973 632 4027 den
645 3972 882 4041 Verhandlungen
900 3971 949 4026 der
967 3970 1072 4026 dritten
1092 3971 1243 4028 deutschen
1262 3974 1326 4028 Phi-

184 4061 507 4133 lologenrersammlnng
535 4062 574 4132 (in
597 4062 690 4117 Gotha
716 4066 794 4123 1840)
821 4080 848 4131 p.
868 4068 914 4127 4·2;
948 4061 997 4115 der
1020 4077 1075 4114 von
1094 4060 1204 4116 Ritschl
1229 4079 1326 4133 vorge-

185 4149 261 4220 legte
280 4150 409 4205 Entwurf
425 4169 459 4204 an
478 4149 569 4205 dieser
587 4149 742 4204 Votivtalel
760 4166 818 4204 war
836 4148 1008 4219 einstimmig
1026 4165 1082 4203 ron
1101 4149 1151 4202 der
1168 4149 1327 4206 Versamm·

185 4239 255 4311 lung
272 4238 420 4310 approbirt
437 4239 558 4308 worden,
578 4257 598 4294 s.
618 4255 642 4293 a.
662 4255 686 4292 a.
707 4238 738 4292 Ο.
757 4255 784 4307 p.
804 4245 829 4293 6.
866 4238 895 4293 C.
914 4237 971 4307 W.]

257 4344 299 4416 ⁴³)
318 4345 398 4418 [Dies
417 4348 500 4401 Wort
517 4346 588 4400 fehlt
606 4345 635 4400 in
654 4346 718 4400 dem
737 4346 868 4400 Abdruek
887 4363 912 4403 a.
922 4363 948 4401 a.
960 4347 1000 4415 (l,
1020 4345 1106 4400 findet
1123 4343 1183 4399 sich
1203 4345 1269 4400 aber
1287 4344 1326 4399 im

188 4435 368 4507 Manuscript.
406 4435 436 4492 O.
455 4435 513 4505 W.]

240 4544 280 4580 ra.
296 4544 446 4578 nrrsousmr
466 4542 603 4578 orvacvaa
622 4543 646 4577 v.
1081 4530 1115 4577 lo
