2926 5040
158 321 225 383 496
448 339 706 386 Ρκοι,ΕαοιιΕΝΑ
732 339 777 384 us
802 338 1011 385 aaarouruvs
1074 379 1078 385 .

159 488 196 548 ut
228 483 460 567 propemodum
494 483 721 549 inenarrabilis
753 483 871 548 evadat
903 487 937 547 et
968 488 1141 566 tamquam
1183 484 1320 549 elaberis

160 592 277 655 mentis
300 591 440 655 acumini
464 590 559 654 facile
581 592 690 675 legum
714 591 920 654 severitatem
943 590 1063 654 eludat.
1103 589 1320 675 Quamquam

160 719 217 761 nec
241 720 279 761 ex
304 720 356 781 eo,
383 697 468 780 quod
496 698 600 760 multa
622 698 745 761 incerta
769 702 858 780 suut,
881 697 962 761 nihil
985 719 1056 761 esse
1081 701 1212 761 certum
1242 719 1320 776 con·

161 805 319 888 sequitur,
347 825 406 867 nec
434 804 472 867 de
499 804 634 867 incertis
663 805 758 867 citius
786 802 1021 886 desperandum
1051 808 1104 866 est
1129 804 1175 868 ad
1199 805 1320 887 proba·

161 913 258 976 bilem
282 912 441 975 rationem
465 910 661 975 revocandis.
699 909 812 994 Itaque
836 912 935 974 etiam
959 909 1048 974 aliud
1067 910 1232 995 quiddam
1251 933 1319 976 non

160 1021 282 1100 tacebo,
305 1020 343 1083 de
363 1041 427 1102 quo
446 1019 533 1082 ultra
552 1019 770 1102 quaerendum
790 1040 860 1081 esse
879 1018 1015 1082 videam.
1053 1016 1144 1082 Nam
1164 1017 1257 1084 'liin
1277 1019 1318 1083 91

159 1127 229 1209 ubi,
253 1128 309 1211 qui
332 1127 412 1190 sint
435 1126 531 1190 amici
555 1129 588 1188 et
612 1126 666 1208 qui
690 1125 898 1189 videantur
920 1129 1062 1207 tantum,
1092 1129 1320 1209 opponuntur,

160 1257 233 1298 curn
257 1255 323 1299 non
347 1238 456 1298 careat
478 1234 604 1298 ratione
627 1232 714 1315 quod
733 1232 929 1316 vulgabatur
947 1231 1029 1295 Sunt
1050 1233 1131 1313 quo's
1154 1234 1220 1298 scir)
1243 1234 1320 1298 c'sse

159 1344 288 1424 amicos,
315 1346 388 1405 sunt
414 1362 489 1422 quos
518 1341 668 1422 suspicor,
695 1344 804 1403 tamen
832 1339 928 1403 facile
953 1340 1095 1403 sentitur
1118 1340 1225 1404 etiam
1248 1362 1319 1404 ner·

160 1449 270 1513 vosius
294 1449 360 1512 vim
387 1448 624 1512 contrariorum
649 1446 752 1509 efferri
776 1446 822 1509 sic
851 1445 957 1509 verbis
986 1468 1061 1510 cum
1092 1446 1317 1511 Ambrosiauo

45 1555 332 1620 annuntiastis:
364 1553 446 1618 Surrt
476 1554 550 1635 quo's
577 1555 639 1617 scio
666 1554 781 1616 amicos
806 1553 933 1635 e'ssc*),
959 1557 1034 1616 aaut
1060 1574 1142 1633 quos
1169 1555 1316 1636 suspicor.

159 1660 258 1726 Cuius
291 1662 336 1726 rei
365 1661 392 1724 si
421 1683 502 1746 quae
530 1681 643 1724 caussa
671 1660 714 1723 sit
742 1660 931 1744 quaesieris,
963 1681 1029 1723 non
1063 1660 1200 1724 videtur
1229 1659 1315 1725 aliud

160 1767 346 1850 responderi
374 1788 483 1850 posse,
511 1767 575 1830 nisi
602 1766 688 1850 quod
717 1766 886 1849 aliquanto
913 1765 988 1848 plus
1016 1767 1198 1850 gravitatis
1227 1767 1315 1849 prior

161 1897 257 1957 quam
282 1874 385 1937 altera
408 1875 490 1937 arsis
514 1875 667 1956 cuiusque
686 1871 834 1955 dipodiae
853 1872 981 1937 babeat
1016 1871 1065 1937 Et
1082 1872 1231 1938 fortasse
1249 1894 1312 1937 non

161 1981 258 2044 aliam
283 1981 324 2044 ob
348 2002 493 2044 caussam
518 1979 605 2044 Trin.
630 2003 658 2043 v.
681 1980 725 2043 95
748 1983 863 2062 poetae
886 1979 966 2043 baec
990 1979 1169 2044 collocatio
1193 1980 1314 2064 placuit

160 2088 197 2151 Si
219 2089 295 2170 qaid
315 2091 374 2152 scis
397 2109 444 2152 me
464 2088 570 2168 fecisse
594 2089 699 2151 discite
720 2092 776 2150 aut
800 2087 933 2168 improbe
954 2107 1032 2169 prae
1056 2108 1096 2149 ea
1122 2110 1227 2170 quam
1249 2109 1311 2152 non

161 2195 258 2258 mirer
281 2196 309 2259 si
333 2196 404 2279 quis
428 2199 594 2278 praestare
614 2193 742 2257 dixerit:
766 2194 804 2258 Si
825 2196 902 2275 quid
920 2195 1026 2275 fecisse
1048 2196 1111 2257 sris
1135 2217 1185 2258 are
1209 2197 1313 2260 inscita

159 2308 215 2366 cut
237 2303 379 2385 trrmrobe,
402 2306 438 2365 ut
460 2324 524 2384 qua
547 2302 655 2384 aptius
675 2302 897 2384 supprimatur
915 2302 996 2366 satis
1015 2301 1116 2366 exilis
1141 2323 1191 2366 mc
1215 2304 1312 2368 notio.

161 2409 363 2493 Quamquam
392 2410 503 2473 eadem
532 2430 608 2472 sane
636 2409 736 2473 etiam
765 2412 812 2474 sic
840 2414 925 2474 recte
953 2409 1140 2474 delitescet:
1173 2410 1214 2475 Si
1239 2411 1313 2493 quid

160 2537 207 2579 me
228 2520 288 2579 scis
308 2517 414 2596 fecisse
437 2568 443 2580 .
468 2568 474 2579 .
499 2566 536 2579 ..

614 2767 725 2813 curva
750 2749 851 2815 XVII.

249 2891 453 2955 Paenultimo
488 2893 592 2976 capite
624 2892 662 2955 de
697 2893 925 2957 vocabulorum
962 2891 1077 2955 formis
1113 2894 1167 2978 egi
1207 2900 1309 2959 certos

160 2999 257 3080 pedes
281 3000 432 3062 metricos
462 3000 688 3083 aequantibus:
717 3004 862 3083 superest
890 3004 926 3063 ut
953 2998 991 3061 de
1020 3000 1102 3082 ipsis
1136 3002 1308 3065 metricis

160 3105 319 3187 pedibus
349 3105 487 3188 dicatur,
516 3129 652 3189 quorum
680 3107 914 3189 compositione
939 3127 1049 3169 versus
1081 3107 1175 3171 liunt.
1224 3108 1309 3185 Quae

161 3231 281 3291 genera
304 3234 376 3274 cum
400 3214 589 3296 plerumque
612 3236 678 3277 non
701 3213 782 3276 satis
807 3214 891 3277 inter
921 3235 954 3275 se
982 3212 1248 3299 distinguantur,
1275 3216 1309 3278 fit

161 3322 197 3380 ut
224 3318 327 3381 multa
355 3318 393 3381 de
422 3321 556 3402 pedibus
584 3321 825 3403 praecipiantur
847 3324 883 3384 ut
908 3321 957 3384 vel
982 3343 1055 3384 raro
1080 3321 1238 3386 admissis
1262 3323 1308 3386 vel

160 3447 293 3507 prorsus
324 3426 448 3509 vitatis,
481 3450 562 3510 quae
593 3428 625 3489 iu
656 3427 743 3490 solas
773 3427 1005 3491 vocabulorum
1036 3428 1161 3493 formas
1196 3430 1309 3494 cadant

135 3582 148 3603 .
162 3554 216 3595 eos
236 3533 332 3615 pedes
353 3539 537 3616 aequantes.
574 3533 673 3597 Velut
692 3557 762 3598 cum
788 3535 943 3617 plurimas
967 3536 1137 3600 cautiones
1162 3538 1199 3601 in
1224 3538 1308 3600 iam·

160 3639 259 3702 bicis
288 3640 457 3703 senariis
486 3639 604 3703 habere
629 3642 835 3723 anapaesti
865 3664 941 3705 usus
966 3641 1096 3704 dicitur:
1127 3643 1222 3726 pedis
1245 3643 1307 3728 qui·

159 3746 231 3809 dem
256 3747 453 3830 anapaestici
478 3769 554 3810 usus
578 3748 812 3831 propemodum
838 3748 944 3811 nullas
969 3748 1082 3832 babet,
1115 3737 1217 3835 longe
1239 3772 1306 3837 gra·

160 3856 308 3918 vissimus
333 3855 562 3919 vocabulorum
583 3856 872 3938 anapaesticorum‚
896 3876 1012 3938 easque
1032 3854 1101 3918 lere
1121 3877 1307 3923 communes

159 3985 229 4025 cum
260 3961 505 4044 spondiacorum
530 3985 602 4025 usu:
632 3963 716 4046 quod
746 3966 859 4027 contra
888 3961 1048 4025 latissime
1072 3966 1192 4049 vagari
1216 3987 1307 4049 spon·

159 4069 242 4133 diaci
270 4070 358 4153 pedis
387 4070 571 4134 libertatem
603 4070 687 4132 inter
715 4091 827 4133 omues
856 4073 994 4133 constat.
1042 4068 1089 4133 Vt
1112 4094 1182 4137 non
1207 4071 1307 4157 magis

159 4177 315 4260 exemplis
334 4199 415 4261 opus
435 4178 478 4241 sit
497 4178 615 4260 quibus
635 4180 856 4259 anapaestum,
875 4198 973 4260 quarn
992 4176 1113 4259 quibus
1128 4179 1307 4262 spondeum

159 4283 312 4348 doceatur
331 4309 350 4348 a
369 4285 459 4348 nulla
483 4306 593 4349 versus
617 4288 708 4366 parte
733 4305 884 4366 umquam
904 4282 1067 4346 exclusum
1091 4307 1163 4348 esse
1182 4288 1309 4369 praeter

248 4459 271 4515 *l
293 4460 391 4530 ll‘quod
410 4477 466 4513 non
485 4460 620 4514 debebam
640 4459 779 4526 probare.’
801 4459 901 4527 Trin.²}
