2926 5040
418 326 678 395 sumnsarours
703 346 911 395 suavimus.
1148 327 1151 333 ’
1177 332 1240 395 427

41 485 167 552 ffliter
186 486 439 555 Fleckeisenus
457 512 560 574 nuper
576 487 684 554 docuit
700 489 825 572 [Exere.
842 489 947 555 Plaut.
960 512 991 572 p.
1005 492 1047 554 48
1061 494 1131 573 sql.
1167 489 1242 556 Non

9 688 12 697 Ι
43 594 194 660 maiore
222 616 339 679 opera
364 594 467 662 Stichi
490 595 586 678 11,2‚
609 597 652 661 60
675 596 870 660 restituitur:

149 735 240 802 Iam
269 760 329 821 epo
351 760 419 804 non
443 737 525 804 facio
545 739 739 804 auctionem:
763 760 837 803 recia
862 737 983 822 dbtigit
1007 740 1050 802 nri
1073 738 1242 803 here‘ditas.
1353 736 1357 742 ’

9 872 14 959 i
45 876 93 945 In
124 879 363 946 Menaecbm.
386 878 427 964 V,
449 882 478 963 5,
502 882 545 946 22
569 885 676 946 autem
704 904 764 965 pro
786 883 919 965 purcrpit
947 882 1072 946 insessio
1100 882 1172 964 ipso
1196 903 1243 945 re·

9 962 16 997 ἶ
47 987 181 1073 posito
210 988 436 1053 coniunctivo
459 988 576 1053 scribe:

734 1096 811 1181 quid
835 1099 942 1161 cessas
966 1097 1043 1160 da're

158 1199 333 1266 Potionis
357 1200 489 1285 aliquid,
511 1200 698 1287 priusquam
721 1202 880 1287 percipiat
903 1202 1051 1267 insania?

61 1344 146 1410 alia
185 1342 354 1426 exempla
391 1345 570 1408 ceterarum
604 1344 828 1410 emendatione
862 1346 1044 1410 fabularum
1069 1345 1400 1410 tollenturouxxxvn

60 1448 134 1517 sed
155 1449 209 1517 ad
229 1449 469 1515 Terentianum
488 1450 599 1534 aripedt
615 1452 804 1517 indaletium
823 1452 1056 1518 defendendum
1079 1474 1144 1518 uon
1167 1459 1242 1517 utar

62 1557 132 1623 bac
153 1556 467 1623 demonstratione:
486 1557 541 1621 ubi
561 1579 632 1622 oum
651 1557 801 1625 Bentleio
821 1581 953 1644 prorsus
972 1560 1117 1625 desidero
1135 1566 1241 1626 costra

64 1664 296 1751 pronominis
325 1663 506 1746 notionem,
535 1665 636 1749 elapsi
665 1670 773 1730 autem
802 1667 950 1731 versiculi
982 1667 1118 1731 alicuius
1148 1666 1241 1731 video

71 1772 182 1838 otiam
210 1771 285 1836 alia
309 1770 458 1854 exempla
481 1772 616 1856 proponi
640 1794 746 1858 posse,
769 1780 806 1838 ut

220 1912 428 1998 Bonitasque
452 1913 610 1996 adiutans,
634 1936 716 2001 quae
740 1916 879 1981 antehac
901 1917 935 1982 in
958 1919 1053 1983 uobis
1076 1920 1151 1985 fuit:

223 2017 433 2103 Bonitasque
456 2025 575 2104 nostra,
598 2043 680 2106 quac
704 2022 785 2088 alias
810 2024 951 2091 adiutrix
973 2026 1045 2091 fuit.

169 2160 277 2227 Nunc
310 2165 433 2240 autem,
463 2166 635 2248 postquam
668 2186 740 2229 eum
773 2167 893 2250 locum,
925 2168 980 2251 qui
1013 2172 1063 2232 est
1092 2166 1130 2231 do
1160 2190 1240 2233 cor·

76 2270 271 2356 raptione
301 2267 506 2353 longarum
528 2271 734 2355 vocalium,
762 2272 809 2337 ita
832 2275 880 2338 uti
904 2274 1038 2339 fecimus
1062 2276 1241 2356 pertracta-

78 2377 200 2460 vimus,
224 2373 329 2441 simul
346 2380 484 2458 apparet
502 2397 559 2440 cur
577 2377 747 2443 brevium
773 2382 966 2447 vocalium
990 2379 1241 2464 productioni

79 2484 215 2549 nullum
238 2482 379 2547 omnino
403 2482 510 2547 locum
532 2483 567 2549 in
590 2485 742 2569 prosodia
765 2487 894 2571 quidem
914 2487 1066 2551 Plautina
1089 2487 1240 2552 conceda-

82 2613 164 2676 mus,
189 2589 249 2655 sed
275 2592 406 2653 tantum
430 2589 569 2674 aliquem
592 2592 625 2655 in
649 2592 792 2658 metrica.

559 2876 671 2923 csevu
695 2860 782 2924 XIV.

172 3000 304 3092 Quibus
330 3004 440 3063 autem
464 3000 706 3068 condicionibus
730 3004 888 3085 syllabam
913 3003 1096 3086 ancipitem,
1120 3004 1240 3068 eisdem

11 3196 14 3201 Ι
83 3107 216 3172 admitti
240 3104 395 3169 hiatum
418 3112 555 3171 constat.
597 3088 697 3173 Nihil
718 3109 819 3194 igitur
842 3110 1031 3192 suspitionis
1056 3110 1239 3175 Trinummi

82 3213 161 3279 baec
178 3211 337 3296 exempla
355 3210 485 3296 habent,
506 3213 622 3297 quibus
643 3216 806 3299 proditum
822 3217 962 3281 inlibris
978 3217 1103 3281 hiatum
1119 3218 1238 3301 partim

85 3320 213 3387 servavi
233 3319 361 3405 partim
381 3321 539 3404 revocavi,
562 3345 591 3385 v.
611 3323 684 3386 273.
704 3323 778 3388 432.
803 3324 877 3388 907.
904 3325 996 3389 1059.
1025 3327 1117 3389 1071.
1140 3326 1238 3390 118ῠε

126 3445 284 3510 Gloriam
310 3448 344 3507 et
363 3444 516 3524 qratiam:
539 3446 594 3509 lro'o
616 3447 726 3529 probis
751 3448 932 3530 pretiumst.

124 3552 295 3635 Tempust
318 3550 500 3636 adorandi.*)
525 3551 587 3616 LE.
610 3555 691 3617 ostric
713 3553 765 3617 hic
789 3552 898 3618 Philto
923 3556 977 3638 qui
1002 3556 1153 3619 aduenit?

122 3659 235 3724 Lubet
252 3656 374 3722 audire.
390 3654 452 3721 SY.
467 3658 516 3722 illi
531 3659 645 3742 ddepol
660 3660 708 3723 illi
722 3696 759 3706 -
773 3661 822 3724 illi
836 3697 872 3705 -
890 3683 948 3725 uae
964 3662 1081 3726 misero
1097 3659 1238 3745 mihi.**)

123 3749 174 3829 Eo
207 3764 359 3828 domum.
397 3759 463 3826 CH.
495 3762 574 3827 heus
605 3769 654 3847 tu,
686 3772 758 3829 asta
788 3765 873 3831 ssico.
903 3767 1062 3849 carrll***)‚
1091 3769 1164 3832 liceis
1194 3772 1238 3831 tu,

733 3870 791 3936 ST.
816 3896 881 3936 non
905 3879 965 3940 sto.
1003 3873 1068 3939 CH.
1093 3877 1125 3938 ts
1153 3875 1237 3939 uolo.

168 4034 197 4099 *)
219 4027 361 4099 [Dubitat
379 4026 414 4081 de
433 4027 486 4083 boo
504 4029 632 4098 exemplo
652 4030 822 4084 Ritschelius
840 4030 870 4083 in
888 4031 930 4084 ed.
951 4032 1011 4099 alt]

144 4125 192 4189 2¹³)
214 4117 264 4189 [ln
291 4115 336 4171 cd.
360 4116 410 4169 alt
434 4115 604 4171 Ritscbelius
628 4119 786 4172 annotavit:
813 4119 872 4173 ‘illi
895 4120 938 4172 illi
961 4121 1005 4172 illi
1028 4137 1090 4173 cum
1110 4121 1237 4176 Acidalio

18 4266 26 4271 ,
71 4210 270 4273 normannus,
290 4205 396 4260 merito
414 4205 532 4260 sortasse
550 4207 698 4276 probatum
714 4207 822 4262 Naekio
842 4208 876 4261 de
895 4207 977 4261 allitt.
998 4226 1025 4276 p.
1040 4215 1099 4263 ³8⁴2.
1119 4210 1177 4263 illio
1195 4212 1239 4264 illi

68 4299 232 4356 Muellerus
252 4296 293 4351 de
312 4310 388 4365 pros.
407 4311 435 4363 p.
455 4299 506 4348 568
524 4294 607 4350 valde
625 4295 823 4364 inconcinne’]

117 4390 185 4460 θ’)
208 4387 260 4459 [In
280 4384 328 4440 ed.
349 4382 400 4439 alt.
419 4398 476 4436 non
494 4383 637 4452 displicuit
656 4383 810 4440 Ritschelio
830 4385 918 4439 oudin
941 4383 1112 4439 aMuellero
1135 4402 1237 4456 propo-

64 4481 177 4549 sitnm]
