2962 5032
159 294 224 358 458
450 310 708 359 eaoaacouann
733 309 780 357 na
805 309 1015 357 airiosravs

160 455 215 519 ubi
245 455 343 519 etiarn
375 454 473 519 aliam
503 454 545 519 ob
576 475 724 518 caussam
751 452 966 536 probabiliter
992 451 1154 517 Adueiaiat
1185 449 1318 532 qrtdmlo

160 562 292 646 scripsit
320 561 427 626 deleto
456 560 542 625 arilei.
587 559 662 624 Alia
691 563 800 624 autem
829 559 975 644 exempla
1001 559 1034 623 in
1058 558 1259 624 Trinummo
1282 563 1318 622 et

159 667 376 733 Bacchidibus
407 667 500 733 nulla
529 671 666 743 exstant.
713 665 835 743 Quodsi
868 665 1026 751 quaedam
1039 665 1150 758 ‘huius
1181 664 1317 750 generis

160 776 194 840 in
224 775 297 840 aliis
328 773 446 839 sabulis
477 795 556 838 sana
587 777 676 857 sunt,
706 774 753 838 eis
783 794 912 838 rursum
941 771 1106 838 excusatio
1138 771 1181 837 ab
1214 771 1317 837 inter·

159 883 334 966 punctione
361 884 491 966 praesto
520 885 570 946 est
596 902 661 964 qua
687 880 721 944 hi
749 880 846 964 pedes
874 879 1080 962 dirimantur,
1109 883 1148 945 ut
1170 878 1248 944 Mil.
1273 879 1319 962 ΙΙ,

160 991 190 1074 6,
215 989 302 1074 73.*)
326 987 419 1072 Oapt.
442 988 468 1071 Ι,
494 990 521 1071 1,
548 989 603 1053 18:

247 1132 370 1197 Fateo'r.
395 1130 514 1211 Quane
534 1130 666 1195 fatearis
690 1150 750 1215 ego
775 1129 860 1215 quod
883 1129 1028 1195 uiderim.

248 1238 376 1304 liumus:
399 1238 525 1320 quando
546 1259 596 1303 res
620 1237 792 1320 redierunt,
815 1237 989 1302 moldssici.

160 1381 307 1458 Quocum
329 1386 440 1447 tamen
461 1403 528 1446 non
551 1380 787 1465 comparandus
809 1379 957 1463 Hecyrae
979 1378 1005 1463 Ι,
1029 1381 1058 1463 2,
1085 1380 1162 1443 119:

249 1526 356 1592 Habe's
378 1525 497 1588 cornelii
521 1546 602 1589 rem:
626 1525 763 1611 pergam
785 1546 848 1609 quo
873 1522 964 1609 coepi
988 1522 1050 1587 hoc
1072 1523 1145 1606 iter,

161 1690 200 1732 ne
224 1689 322 1753 egens
345 1666 474 1752 quidem
498 1666 718 1748 excusatione,
746 1670 782 1730 ut
809 1666 843 1730 in
871 1689 933 1750 quo
961 1665 1079 1730 tannem
1102 1665 1316 1750 corripiatur.

249 1775 363 1840 Restat
386 1779 432 1856 ut,
454 1775 608 1858 quoniam
632 1773 666 1837 in
688 1774 760 1857 ipso
779 1774 940 1858 principio
959 1795 1109 1837 versuum
1130 1773 1316 1856 plurimum

160 1879 377 1945 excusationis
406 1879 525 1944 habere
554 1880 735 1964 quamlibet
761 1880 926 1944 licentiam
954 1883 1094 1962 constat,
1128 1879 1314 1962 primum

160 1985 292 2070 pedem
325 1986 527 2055 senariorum
559 2009 619 2051 nec
651 1987 874 2071 anapaesticaa
907 2009 1002 2052 voces
1035 1986 1134 2071 (inter
1163 2009 1250 2072 quas
1281 1991 1317 2052 et

160 2092 316 2158 iambicus
347 2096 513 2177 tamquam
544 2093 650 2159 media
679 2093 760 2158 haec
790 2093 885 2158 initia
916 2099 993 2159 sunt
1024 2093 1113 2173 Quod
1140 2095 1244 2173 ame‘s,
1276 2095 1317 2160 Is

158 2200 237 2280 cuit,
269 2201 374 2283 Neque
401 2197 489 2286 aues)
520 2222 578 2265 nec
608 2200 800 2285 spondiacus
831 2223 868 2264 ac
897 2222 938 2264 ne
968 2199 1146 2283 dactylicos
1176 2201 1314 2285 quidem

158 2330 254 2374 voces
277 2307 463 2391 repudiasse
487 2329 524 2371 eo
548 2307 679 2372 brevius
703 2307 902 2390 adnotemus,
925 2330 989 2392 quo
1013 2308 1118 2393 magis
1143 2307 1181 2371 de
1204 2308 1315 2373 bisin

160 2417 276 2502 vulgus
301 2418 437 2481 constat.
483 2415 592 2500 Atque
622 2414 917 2499 spondiacarum
947 2415 1315 2499 anapaesticarum-

159 2548 229 2609 qua
253 2546 330 2588 usus
354 2546 426 2587 cum
451 2525 484 2586 et
507 2522 718 2586 creberrimus
743 2522 787 2585 sit
809 2544 868 2585 nec
892 2522 988 2586 ullius
1012 2521 1215 2586 condicionis
1242 2522 1314 2586 vin·

160 2633 240 2696 culis
272 2631 424 2695 astrictus
454 2629 596 2714 (quando
626 2629 666 2692 ad
696 2628 870 2693 secundum
895 2629 1002 2714 potins
1026 2628 1140 2712 pedem
1164 2630 1317 2712 pertinet

159 2761 256 2821 quam
286 2737 380 2801 modo
409 2735 628 2799 condicionem
658 2733 909 2822 tractabamusb
943 2742 1052 2800 tamen
1085 2758 1144 2800 nec
1174 2736 1313 2801 iambici

160 2845 250 2930 pedis
281 2866 340 2908 nec
371 2843 580 2906 iambicaruur
613 2841 798 2906 vocularum
830 2843 869 2905 ab
903 2843 997 2908 initio
1031 2844 1237 2909 senariorum
1273 2867 1316 2909 ea

160 2951 307 3034 paucitas
336 2954 398 3031 est,
428 2953 477 3030 nt,
506 2947 748 3031 qiiia.‘prinius
777 2972 833 3031 pes
863 2949 1084 3013 trimetrorum
1112 2951 1242 3033 pondus
1273 2976 1314 3017 ac

159 3057 398 3122 multitudinem
433 3054 633 3138 syllabarum
666 3054 853 3137 desideret',
886 3079 957 3120 cum
987 3055 1177 3122 Hermanno
1208 3060 1314 3142 praef.

159 3164 245 3227 Trin.
270 3186 300 3245 p.
325 3180 384 3226 xv1
412 3160 628 3224 damnandum
657 3161 701 3224 sit
724 3185 834 3225 versus
860 3163 920 3225 761
948 3163 1076 3227 initium
1102 3165 1179 3228 illud
1209 3167 1316 3229 triti

28 3302 144 3345 ccxxw
160 3272 281 3353 quidem
312 3268 409 3331 hercle
441 3288 502 3329 nou
534 3272 583 3330 eut.
636 3267 726 3342 Quod
760 3291 816 3331 cur
849 3292 925 3332 sano
957 3270 1122 3335 ferendum
1155 3294 1222 3335 non
1256 3275 1314 3354 sit,

158 3377 277 3442 rectius
298 3374 442 3439 videmur
462 3399 491 3458 p.
511 3392 600 3438 cirxx
617 3375 710 3457 [412]
732 3376 917 3458 explicasse.
955 3376 1105 3441 ceruum
1124 3399 1239 3442 verum
1260 3387 1314 3446 est

158 3485 330 3550 coniuncta
344 3482 559 3566 spondeorunr
575 3486 889 3566 anapaestorumqne
903 3482 1044 3568 itemque
1058 3486 1311 3569 spondiacorum

159 3591 502 3675 anapaesticorumque
518 3589 747 3655 vocabulorum
769 3590 951 3673 frequentia
968 3591 1064 3676 longe
1082 3592 1209 3657 rariora
1228 3593 1308 3659 iam·

161 3701 273 3763 borum
297 3697 572 3782 iambicorumque
596 3699 629 3761 in
654 3698 758 3781 primo
784 3697 861 3779 pede
886 3700 1034 3782 exempla
1058 3721 1137 3782 esse,
1161 3721 1222 3764 nec
1240 3700 1309 3765 fere

160 3807 379 3890 frequentiora
398 3829 495 3889 quarn
515 3807 547 3869 in
568 3805 681 3888 quinto
696 3805 775 3889 pede
791 3806 938 3870 trimetri.
972 3805 1179 3889 Dactylica
1196 3811 1305 3872 autem

158 3913 316 3977 vocabula
344 3916 380 3976 ut
407 3935 480 3975 rara
509 3911 555 3976 ita
584 3915 672 3976 certa
699 3917 775 3976 sunt
803 3913 853 3977 his
882 3911 1038 3997 exemplis
1066 3911 1155 3979 Trio.
1176 3912 1232 3978 54.
1254 3912 1305 3979 ⁶26.

165 4020 233 4084 186.
258 4021 331 4085 205.
355 4020 429 4084 396.
453 4018 569 4083 Bacch.
593 4019 666 4084 542.
691 4020 764 4085 556.
790 4020 863 4083 744.
887 4020 966 4085 811:

247 4141 407 4207 Omnibus
431 4142 544 4207 amicis
603 4193 932 4210 .......

246 4248 389 4315 Haecine
412 4253 545 4335 propter
568 4272 620 4315 res
656 4298 665 4314 .
710 4301 718 4315 .
763 4242 776 4316 .'

144 4401 157 4427 ⁸
241 4377 349 4495 dl—[Cl.
368 4427 464 4481 annot
482 4424 520 4481 ad
536 4425 640 4481 hami
