2962 5032
488 234 754 282 auarusrrours
777 234 988 281 rnsvrrnss.
1246 217 1310 282 347

165 376 384 443 dubitandum
416 379 496 462 quin
525 400 562 442 ea
590 380 709 460 aetate,
742 399 806 463 qua
833 378 963 442 criticae
997 377 1194 441 recensionis
1227 377 1258 441 h.
1287 399 1312 441 e.
1327 400 1392 441 xorr

164 484 335 570 legitimae
359 485 515 550 ἐκδόεεωε
540 488 625 550 certo
650 484 783 549 consilio
809 488 976 567 susceptae
1000 487 1033 547 et
1056 484 1095 546 ad
1116 484 1197 548 artis
1217 485 1313 549 ratio·

162 613 226 656 nes
244 594 388 675 ¹paratos
420 592 574 656 beneficio
605 598 810 676 posterorum
840 590 1018 656 commodis
1050 591 1233 655 consultum
1264 596 1314 655 est

164 696 281 785 (quam
309 720 369 784 ego
399 702 538 764 aetatem
565 720 630 762 non
658 699 783 763 minore
813 720 910 782 quam
942 696 1080 762 duorum
1111 699 1312 763 saeculorum

166 806 343 872 intervallo
366 807 407 870 ab
430 805 532 890 ipsius
557 809 660 870 morte
683 809 798 890 poetae
823 805 996 869 discretam
1022 803 1190 889 suspicor),
1214 805 1312 870 etiam

167 911 410 977 scribendorum
443 911 672 976 vocabulorum
707 912 885 996 antiquitas
922 910 1041 996 partim
1079 911 1145 975 iam
1178 911 1314 976 evanida

166 1020 267 1084 fuerit
289 1020 324 1084 in
346 1017 508 1083 Plautinis
532 1018 783 1102 exemplaribus,
810 1017 932 1102 partim
964 1018 1003 1081 ad
1032 1019 1219 1082 recentioris
1243 1040 1314 1083 con·

169 1125 351 1192 suetudinis
372 1145 520 1189 normam
545 1124 654 1189 dedita
677 1147 776 1208 opera
799 1125 843 1188 sit
866 1124 998 1187 deflexa.
1036 1124 1237 1208 Quamquam
1261 1125 1312 1189 vel

168 1233 215 1298 sio
235 1232 394 1317 quaedam
414 1253 490 1297 sane
509 1232 611 1316 ipsius
631 1231 803 1296 vetustatis
822 1230 962 1314 vestigia
986 1230 1051 1294 sive
1076 1252 1151 1295 casu
1174 1231 1313 1316 relinqui
1404 1232 1407 1238 “

169 1340 236 1404 sive
256 1340 378 1404 servari
397 1339 531 1404 consilio
550 1342 736 1422 potuerunt:
750 1360 814 1422 quo
829 1337 969 1401 fortasse
983 1338 1137 1401 caelatum
1151 1338 1229 1403 illud
1245 1361 1313 1422 per-

167 1447 254 1511 tinet
267 1468 326 1530 pro
340 1438 566 1530 caalotum'(ut
578 1446 680 1510 consol
694 1445 825 1529 antique
840 1442 1031 1529 proconsul)
1046 1444 1081 1507 in
1096 1444 1313 1509 Ambrosiano

168 1556 331 1638 repertum
350 1552 437 1617 [ibin.
452 1576 480 1619 v.
490 1552 565 1636 535,
587 1553 776 1636 praesertim
800 1574 872 1616 cum
892 1551 990 1616 etiam
1012 1550 1139 1631 [Pseud.
1157 1551 1242 1615 1035
1265 1572 1313 1615 cx-

169 1662 308 1742 omont]
329 1660 426 1725 Mero.
441 1659 544 1744 111,4‚
559 1661 579 1725 6
597 1661 767 1725 exsolutum
785 1659 872 1729 inB
891 1659 942 1723 sit.
967 1658 1088 1724 Verum
1108 1659 1206 1722 etiam
1221 1657 1314 1723 Tibe·

169 1770 261 1835 riana
278 1768 506 1833 Neronianave
529 1770 635 1832 aetate
654 1766 792 1851 probata
811 1765 1030 1850 grammaticis
1051 1765 1211 1830 scribendi
1229 1765 1313 1829 ratio

169 1898 264 1941 nemo
292 1875 395 1940 nescit
422 1897 519 1959 quam
548 1874 592 1938 sit
619 1873 763 1955 difficile,
796 1873 900 1957 qualis
929 1872 1058 1936 tandem
1081 1872 1194 1954 fuerit,
1226 1876 1313 1937 certo

171 1982 312 2066 delinire,
336 2003 408 2044 curn
432 1980 489 2045 illa
511 2002 551 2044 ne
575 1980 609 2044 in
629 1979 873 2064 antiquissimos
893 1980 1020 2063 quidam
1040 1979 1165 2044 codices
1185 1984 1313 2044 nostros

169 2090 217 2153 ita
245 2092 427 2172 propagata
455 2088 513 2171 sit,
541 2086 574 2150 hi
598 2090 635 2150 ut
657 2108 722 2150 non
746 2108 762 2150 e
786 2086 1003 2171 posteriorum
1027 2086 1222 2170 contagione
1246 2107 1313 2149 sae-

171 2196 315 2260 culorum
333 2194 472 2276 *novicia
501 2193 603 2257 multa
631 2193 796 2258 traxerint
842 2191 927 2257 Hine
955 2192 1053 2256 trium
1077 2184 1229 2257 aetatum
1246 2214 1313 2257 suo-

169 2303 347 2385 cessiones,
377 2305 562 2365 nostrorum
593 2300 726 2365 testium
754 2300 911 2364 memoria
934 2301 1125 2384 mixtarum,
1158 2304 1314 2383 quantum

169 2407 238 2473 fieri
272 2407 376 2490 possit
407 2407 586 2470 discernere
619 2406 776 2470 iubemur.
827 2404 941 2490 Velut,
973 2410 1009 2470 ut
1042 2406 1199 2490 exemplis
1231 2410 1314 2488 utar,

169 2535 242 2578 cum
266 2513 390 2598 primae
414 2512 530 2576 aetatis
554 2512 693 2576 fuissent
716 2531 881 2576 orcorsom
904 2514 1070 2579 oiniuorsec'
1087 2519 1248 2596 scqecoator
1265 2513 1314 2578 ob·

171 2621 264 2685 rciont
275 2621 449 2703 ploiramos
462 2620 601 2702 popliani
618 2620 725 2685 cloacis
747 2618 879 2704 formae,
904 2621 1029 2685 mediae
1052 2620 1183 2686 fuerunt
1204 2621 1314 2685 odrcor·

169 2749 254 2805 sum,
277 2728 437 2791 unizcorsci
460 2725 510 2790 vel
533 2728 690 2804 craia-orsi,
714 2732 878 2809 separentur
901 2727 951 2792 vel
976 2734 1119 2793 secratur
1141 2728 1191 2792 vel
1215 2727 1314 2791 ctiam

170 2839 325 2916 sequntur,
349 2833 491 2911 obiciunt,
509 2833 690 2915 plu-monos,
707 2834 853 2916 puplicae
875 2836 926 2898 vel
943 2836 1095 2916 publicae,
1118 2836 1240 2900 closseis
1262 2835 1314 2898 vel

169 2942 285 3018 classis,
308 2940 425 3004 tertiae
449 2944 525 3003 sunt
547 2942 712 3005 octoeracm
734 2942 875 3005 calcearet
893 2948 1060 3024 separaretur
1078 2944 1226 3008 obiiciant
1241 2942 1315 3024 plu·

171 3050 271 3112 rimas
282 3048 426 3129 pmblicoc
444 3048 562 3112 classes,
594 3046 663 3112 Has
688 3051 797 3112 tamen
822 3052 945 3113 aetates
969 3051 1180 3135 propriasque
1204 3073 1314 3115 earum

170 3155 291 3219 formas
315 3158 372 3219 cur
394 3177 459 3219 non
482 3154 580 3219 liceat
604 3158 655 3218 sat
674 3155 770 3219 certis
789 3155 874 3220 inter
894 3178 928 3220 se
947 3158 1065 3222 finibus
1084 3157 1314 3240 discriminare,

170 3264 233 3327 tria
262 3262 469 3347 potissimum
499 3263 532 3326 in
561 3284 677 3326 caussa
705 3266 793 3325 sunt:
828 3264 980 3347 primum,
1012 3265 1096 3349 quod
1121 3269 1153 3328 et
1176 3285 1314 3346 pronun·

170 3371 273 3435 tiandi
304 3374 337 3433 et
364 3369 525 3433 scribendi
550 3368 634 3434 ratio
660 3391 725 3432 non
748 3373 894 3453 repente,
925 3371 980 3434 sed
1003 3370 1175 3453 paullatim
1199 3370 1313 3434 immu-
1328 3387 1408 3428 xcnr

170 3483 240 3542 tata
269 3481 320 3541 est
347 3475 481 3560 ipsaque
510 3477 596 3540 vitae
625 3475 856 3540 consuetudine
884 3497 948 3539 non
976 3482 1152 3561 potuerunt
1175 3499 1240 3541 non
1264 3498 1314 3540 eo·

171 3584 243 3649 dem
269 3587 416 3666 tempore
440 3582 584 3647 diversae
609 3582 840 3647 vocabulorum
864 3581 988 3646 formae
1007 3585 1055 3647 sui
1076 3584 1214 3648 vicariae
1233 3587 1315 3646 tarn·

172 3691 226 3756 diu
250 3690 284 3753 in
309 3711 370 3752 usu
389 3710 467 3773 esse,
491 3690 644 3773 quamdiu
664 3711 728 3753 non
748 3711 880 3774 prorsus
901 3690 1024 3754 abolita
1043 3690 1225 3773 antiquiore
1245 3689 1315 3753 sola

170 3801 323 3882 regnaret
344 3797 518 3879 recentior3
543 3798 689 3880 alterum,
713 3797 799 3881 quod
822 3797 1007 3879 discrepans
1032 3796 1070 3860 de
1094 3796 1206 3860 multis
1230 3795 1314 3878 ipso·

171 3928 243 3969 rum
257 3904 407 3968 doctrina
421 3904 709 3987 grammaticorum
728 3904 799 3987 fuit,
819 3926 955 3987 quorum
974 3903 1082 3968 studio
1102 3902 1141 3967 ad
1162 3902 1314 3967 certiores

170 4012 259 4096 leges
289 4015 324 4076 et
347 4012 490 4095 aliquam
514 4011 776 4094 aequabilitatem
800 4010 861 4074 boc
885 4031 986 4093 genus
1011 4032 1104 4074 omne
1127 4013 1314 4073 revocatum

171 4122 234 4201 est3
257 4117 403 4202 tertium,
426 4117 511 4200 quod
533 4115 682 4199 fontium,
706 4138 725 4180 a
748 4116 864 4200 quibus
884 4116 1089 4181 ratiocinatio
1113 4119 1226 4180 nostra
1249 4136 1315 4179 om·

172 4226 224 4290 nis
253 4224 478 4309 proficiscatur
506 4227 649 4306 oportet,
682 4244 701 4285 a
723 4221 929 4286 librariorum
955 4222 1101 4287 socordia
1124 4226 1157 4286 ct
1179 4221 1315 4286 incredi-

173 4331 232 4396 bili
255 4331 475 4396 inconstantia
493 4335 561 4395 tam
582 4329 680 4393 dubia
699 4328 842 4394 condicio
863 4334 921 4413 est,
939 4333 975 4394 ut
994 4351 1090 4413 saepe
1108 4351 1174 4394 non
1193 4328 1315 4394 babeas
