2962 5032
501 208 764 257 nueunnmoms
787 209 998 257 ennvrruna.
1256 192 1318 258 391

286 354 389 417 Amor
410 353 513 418 amari
536 352 592 418 dat
613 355 723 417 tamen
747 349 837 437 satis,
860 353 946 437 quod
968 352 1013 417 sit
1036 352 1180 439 ae'gre*),
1331 373 1426 417 oxnrv

181 461 290 525 tamen
317 482 357 524 ne
384 459 448 524 hoe
475 459 604 545 quidem
629 460 669 525 ad
693 459 892 524 simillimam
914 462 998 525 enim
1021 461 1108 525 vocis
1131 460 1318 545 pronuntia-

178 570 299 633 tionem
326 566 600 650 comprobandam
627 570 677 630 est
704 566 896 632 adhibitum.
943 567 1048 643 Quid?
1077 567 1162 652 quod
1190 589 1231 632 ne
1258 589 1319 632 usu

175 677 305 758 recepta
332 672 461 758 quidem
489 673 716 757 monosyllaba
744 673 905 757 scriptura
933 673 1016 738 alius
1040 675 1128 739 vocis
1152 674 1319 740 cuiusdam

172 781 211 844 de
230 802 307 845 vera
326 780 452 846 ratione
471 779 661 845 admonuit?
693 776 873 863 Numquid
893 783 943 844 est
966 802 1029 865 quo
1053 804 1072 846 a
1095 780 1319 864 monosyllaba

171 886 268 952 boreas
290 887 341 952 vel
363 907 464 952 sotera
486 887 592 952 forma
614 906 718 950 erraras
741 884 868 950 differat
891 908 950 971 pro
973 888 1096 953 otinas
1119 887 1217 951 scribi
1241 887 1319 953 soli-

169 994 266 1058 tum?
290 992 413 1070 Quodsi
436 994 515 1058 haec
539 993 685 1076 exempla
704 992 813 1056 omnia
832 993 960 1076 quaeris
980 993 1056 1078 quid
1075 993 1161 1059 inter
1179 1015 1214 1058 se
1232 1015 1318 1059 com·
1390 1042 1395 1051 .

169 1123 270 1165 mune
297 1100 454 1184 habeant,
485 1099 582 1164 facile
611 1121 648 1163 eo
678 1098 860 1182 pervenies,
887 1103 924 1163 ut
951 1099 1047 1164 certis
1076 1099 1317 1166 condicionibus

169 1207 243 1293 regi
266 1206 329 1272 hoc
352 1228 454 1292 genus
478 1207 663 1272 universum
686 1205 868 1290 intellegas,
890 1206 975 1291 quod
999 1207 1175 1271 binarum
1199 1207 1316 1290 sylla·

167 1313 307 1377 barum
332 1311 413 1398 (non
435 1315 584 1379 binarum
607 1312 766 1377 vocalium
787 1332 857 1376 sese
876 1310 1120 1399 excipientium)
1143 1314 1183 1378 in
1206 1336 1316 1379 unam

166 1421 441 1487 contractione
470 1420 663 1486 continetur.
708 1417 840 1482 Etenim
864 1422 896 1482 et
924 1419 1079 1484 nomina
1108 1424 1185 1485 sunt
1207 1420 1317 1486 omnia

165 1528 220 1592 vel
238 1527 471 1613 particulae,
489 1548 554 1592 non
569 1525 681 1591 verba:
701 1527 734 1589 et
752 1525 957 1590 iambicam
975 1548 1158 1591 mensuram
1178 1533 1317 1612 aequant

166 1635 289 1719 omnia,
313 1635 363 1701 vel
387 1634 472 1720 quod
496 1633 610 1699 eodem
638 1632 730 1716 redit,
752 1633 1024 1717 pyrrhichiaoam:
1053 1638 1086 1699 et
1109 1656 1222 1699 unam
1244 1637 1315 1699 tnn-

163 1744 239 1806 tum
262 1733 347 1807 inter
369 1743 462 1808 binas
486 1740 615 1812 vocales
640 1745 920 1807 consonantem
942 1742 1064 1809 habent
1088 1764 1222 1826 eamque
1244 1747 1316 1807 tan-

164 1852 238 1913 tum
266 1871 331 1913 non
359 1871 486 1934 semper
512 1847 711 1933 liquidam.
757 1847 796 1911 In
824 1849 945 1914 talibus
973 1851 1075 1936 igitur
1102 1850 1235 1915 vocibus
1259 1849 1314 1914 bi·

165 1955 336 2039 syllabis
365 1978 438 2022 eam
465 1955 564 2021 tuisse
591 1956 667 2020 vim
695 1955 856 2020 litterae
883 1955 1055 2040 liquidae
1083 1955 1316 2041 contendimus,

165 2067 207 2128 ut
240 2063 348 2149 aliquo
381 2063 477 2129 modo
514 2063 659 2128 extrita
692 2061 802 2126 brevi
834 2083 915 2145 qnae
947 2063 1155 2147 praecederet
1186 2063 1314 2128 vocali

165 2190 245 2235 una
267 2173 418 2234 tantum
442 2169 597 2254 syllaba
620 2169 797 2249 audiretur,
821 2167 853 2231 id
878 2168 963 2252 quod
986 2170 1126 2254 quadam
1148 2174 1227 2235 nota
1250 2169 1315 2235 sin-

165 2277 275 2361 gulari
299 2277 345 2341 sic
369 2277 589 2362 significamus
611 2267 704 2361 ddmi,
728 2267 840 2342 ideireo.
872 2272 947 2340 Non
965 2275 1028 2341 hoe
1046 2276 1114 2341 ullo
1130 2275 1227 2339 modo
1242 2296 1314 2340 con-

164 2382 341 2468 tendimus,
363 2383 485 2448 fectum
509 2382 542 2447 id
565 2405 634 2447 esse
658 2382 692 2447 in
715 2380 893 2447 illiusmodi
912 2383 1072 2466 omnibns,
1095 2382 1150 2447 sed
1169 2382 1313 2466 potuisse

167 2490 256 2574 fieri,
280 2489 347 2554 acri
370 2494 479 2555 autem
502 2490 720 2574 exemplorum
744 2488 1018 2574 pervestigatione
1042 2489 1178 2554 anobis
1202 2510 1312 2553 eruen-

164 2599 245 2664 dum
273 2620 357 2682 esse,
384 2597 418 2662 in
447 2597 562 2682 quibus
590 2597 715 2662 factum
743 2597 787 2660 sit
814 2617 937 2680 reapse.
983 2594 1069 2661 Nam
1097 2617 1114 2660 e
1142 2598 1312 2680 perspecta

163 2707 239 2791 lege
257 2704 409 2771 Plautina
428 2703 559 2770 criticae
578 2705 657 2768 artis
676 2705 728 2768 lex
746 2702 946 2768 consectaria
963 2702 1045 2768 haec
1068 2709 1118 2769 est
1140 2706 1185 2785 ut,
1209 2702 1311 2767 sicubi

166 2813 325 2896 suspectis
353 2811 495 2876 numeris
524 2812 575 2875 vel
604 2811 709 2894 speeie
738 2809 862 2874 labanti
886 2814 989 2875 metro
1012 2810 1155 2876 defensio
1179 2813 1236 2875 aut
1258 2831 1309 2873 ex·
1324 2841 1407 2884 mv

165 2918 293 2983 cusatio
317 2919 358 2982 ab
381 2917 469 2982 illius
493 2920 628 2982 naturae
652 2918 811 2983 vocabulo
835 2920 951 3001 parata
974 2917 1031 3002 sit,
1059 2940 1124 2983 non
1147 2917 1190 2981 sit
1212 2915 1311 2982 libro·

164 3046 238 3088 rum
261 3025 421 3108 scriptura
443 3027 563 3088 temere
587 3023 801 3089 sollicitanda.
837 3022 952 3108 Itaque
970 3044 1043 3088 cum
1067 3024 1206 3089 aliorum
1228 3021 1309 3087 satis

165 3130 318 3213 frequens
343 3131 387 3194 sit
409 3130 635 3214 monosyllaba
657 3129 888 3215 pronuntiatio,
910 3132 1020 3195 tamen
1042 3131 1140 3195 ne‘in
1163 3129 1221 3195 illa
1244 3129 1312 3214 qui·

163 3269 241 3325 thesi
263 3240 395 3340 positum.
431 3270 495 3324 Non
519 3269 610 3340 magis
634 3269 722 3341 igitur
745 3273 777 3325 ut
800 3269 875 3325 omni
894 3272 1013 3325 accentu
1031 3269 1195 3325 destitutum
1213 3267 1243 3322 in
1260 3267 1311 3323 illo

165 3375 262 3415 versus
280 3359 342 3415 loco
361 3377 461 3415 aarum
479 3358 642 3430 percipitur,
665 3377 749 3429 qnam
764 3360 800 3414 ab
813 3359 895 3415 initio
909 3376 1004 3415 versus
1019 3359 1188 3415 collocatum
1202 3358 1312 3412 Auram

164 3452 247 3517 atque
261 3450 384 3505 anabau.
418 3447 498 3513 Quod
515 3448 580 3503 volo
597 3448 688 3518 capite
702 3447 767 3502 XVI
785 3447 935 3518 disputatis
954 3447 1029 3504 addi.
1057 3446 1207 3501 Duobnsne
1225 3445 1312 3515 igitur

165 3535 233 3591 solis
256 3535 390 3607 exemplis
412 3536 514 3591 Heaut.
534 3537 581 3604 ΙΙΙ,
600 3542 627 3606 2,
645 3543 662 3590 4
682 3536 711 3591 et
728 3535 814 3590 Andr.
835 3534 869 3603 ΙΙ,
889 3541 914 3604 6,
933 3541 949 3590 8
969 3534 1112 3590 credemus
1135 3551 1217 3589 nsum
1235 3533 1311 3589 illins

166 3625 293 3695 genetivi
311 3625 511 3680 Terentianum
530 3643 643 3681 omnem
662 3624 817 3680 contineri?
854 3623 956 3678 Credat
974 3623 1024 3693 qni
1041 3623 1157 3693 poterit:
1176 3623 1246 3678 mihi
1264 3622 1311 3678 vix

167 3713 288 3769 dubium
311 3717 354 3769 est
377 3715 444 3784 quin
467 3718 598 3784 corrupta
620 3715 683 3769 sint.
722 3714 758 3768 Et
780 3713 896 3768 alterius
920 3712 1033 3782 quidem
1054 3710 1135 3767 initio
1157 3710 1251 3767 nescio
1274 3730 1311 3767 an

166 3803 270 3859 vocula
287 3804 432 3860 exciderit:

856 3872 989 3929 uidelicet

380 3963 454 4033 Quia
473 3963 579 4020 Cliniae
598 3963 647 4018 ille
665 3980 760 4019 seruos
779 3963 991 4033 tardiusculam,

378 4051 484 4106 Idcirco
503 4053 568 4107 huic
587 4054 681 4107 nostro
700 4052 832 4107 traditast
850 4051 1006 4122 prouincia:

164 4139 198 4195 in
217 4140 315 4195 altero.
326 4155 344 4192 a
360 4140 482 4196 librariis
505 4142 649 4198 turbatum
669 4157 728 4196 esse
746 4140 896 4211 pristinum
915 4141 1063 4196 verborum
1082 4139 1208 4195 ordinem
1226 4141 1308 4210 puto:

377 4229 499 4285 Huiusce
517 4232 632 4300 propter
649 4229 877 4285 consuetudinem
895 4229 1060 4300 hospitaa.']

254 4319 281 4387 *)
300 4319 397 4389 [Amor
417 4319 507 4376 amori
524 4319 573 4374 do't
590 4319 659 4374 eoas
676 4319 748 4389 qaod
766 4320 868 4391 demeat
886 4318 992 4393 Trin.²]
