<?xml version="1.0" encoding="UTF-8"?>
<!DOCTYPE html PUBLIC "-//W3C//DTD XHTML 1.0 Transitional//EN"
    "http://www.w3.org/TR/xhtml1/DTD/xhtml1-transitional.dtd">
<html xmlns="http://www.w3.org/1999/xhtml" xml:lang="en" lang="en">
 <head>
  <title>
</title>
<meta http-equiv="Content-Type" content="text/html;charset=utf-8" />
  <meta name='ocr-system' content='tesseract 3.04.00' />
  <meta name='ocr-capabilities' content='ocr_page ocr_carea ocr_par ocr_line ocrx_word'/>
</head>
<body>
  <div class='ocr_page' id='page_1' title='image "./fridericiritsch02wachgoog_0090.png"; bbox 0 0 2962 5032; ppageno 0'>
   <div class='ocr_carea' id='block_1_1' title="bbox 399 300 1326 363">
    <p class='ocr_par' dir='ltr' id='par_1_1' title="bbox 399 300 1326 363">
     <span class='ocr_line' id='line_1_1' title="bbox 399 300 1326 363; baseline 0.013 -12"><span class='ocrx_word' id='word_1_1' title='bbox 399 304 473 351; x_wconf 79' lang='lat' dir='ltr'>uro</span> <span class='ocrx_word' id='word_1_2' title='bbox 498 306 557 352; x_wconf 81' lang='lat' dir='ltr'>urs</span> <span class='ocrx_word' id='word_1_3' title='bbox 580 307 767 355; x_wconf 71' lang='lat' dir='ltr'>beronicus</span> <span class='ocrx_word' id='word_1_4' title='bbox 791 309 1111 361; x_wconf 65' lang='lat' dir='ltr'>rrrnurussrumsu.</span> <span class='ocrx_word' id='word_1_5' title='bbox 1288 300 1326 363; x_wconf 79' lang='grc'>71</span> 
     </span>
    </p>
   </div>
   <div class='ocr_carea' id='block_1_2' title="bbox 425 445 1094 3087">
    <p class='ocr_par' dir='ltr' id='par_1_2' title="bbox 495 445 1033 592">
     <span class='ocr_line' id='line_1_2' title="bbox 496 445 1033 508; baseline 0.015 -9"><span class='ocrx_word' id='word_1_6' title='bbox 496 445 549 499; x_wconf 84' lang='lat' dir='ltr'>Hic</span> <span class='ocrx_word' id='word_1_7' title='bbox 567 445 617 501; x_wconf 90' lang='lat' dir='ltr'>ubi</span> <span class='ocrx_word' id='word_1_8' title='bbox 637 449 761 504; x_wconf 89' lang='lat' dir='ltr'>excelsos</span> <span class='ocrx_word' id='word_1_9' title='bbox 780 449 922 506; x_wconf 80' lang='lat' dir='ltr'>celebrata</span> <span class='ocrx_word' id='word_1_10' title='bbox 939 469 1033 508; x_wconf 90' lang='lat' dir='ltr'>muros</span> 
     </span>
     <span class='ocr_line' id='line_1_3' title="bbox 495 535 712 592; baseline 0.009 -2"><span class='ocrx_word' id='word_1_11' title='bbox 495 535 609 591; x_wconf 83' lang='lat' dir='ltr'>Sarsina</span> <span class='ocrx_word' id='word_1_12' title='bbox 627 537 712 592; x_wconf 83' lang='lat' dir='ltr'>tollit.</span> 
     </span>
    </p>

    <p class='ocr_par' dir='ltr' id='par_1_3' title="bbox 433 624 1056 952">
     <span class='ocr_line' id='line_1_4' title="bbox 433 624 1017 698; baseline 0.009 -20"><span class='ocrx_word' id='word_1_13' title='bbox 433 624 579 694; x_wconf 90' lang='lat' dir='ltr'>Quumque</span> <span class='ocrx_word' id='word_1_14' title='bbox 597 626 722 682; x_wconf 88' lang='lat' dir='ltr'>bissenos</span> <span class='ocrx_word' id='word_1_15' title='bbox 741 631 899 698; x_wconf 75' lang='lat' dir='ltr'>superasset</span> <span class='ocrx_word' id='word_1_16' title='bbox 917 645 1017 698; x_wconf 85' lang='lat' dir='ltr'>annos,</span> 
     </span>
     <span class='ocr_line' id='line_1_5' title="bbox 493 714 994 788; baseline 0.01 -21"><span class='ocrx_word' id='word_1_17' title='bbox 493 714 591 784; x_wconf 79' lang='lat' dir='ltr'>ingeni</span> <span class='ocrx_word' id='word_1_18' title='bbox 610 716 701 770; x_wconf 87' lang='lat' dir='ltr'>cultor</span> <span class='ocrx_word' id='word_1_19' title='bbox 718 716 828 788; x_wconf 78' lang='lat' dir='ltr'>fugiens</span> <span class='ocrx_word' id='word_1_20' title='bbox 848 720 994 787; x_wconf 88' lang='lat' dir='ltr'>paternum</span> 
     </span>
     <span class='ocr_line' id='line_1_6' title="bbox 493 802 1056 877; baseline 0.012 -22"><span class='ocrx_word' id='word_1_21' title='bbox 493 802 592 857; x_wconf 88' lang='lat' dir='ltr'>Limen</span> <span class='ocrx_word' id='word_1_22' title='bbox 611 804 646 858; x_wconf 90' lang='lat' dir='ltr'>ad</span> <span class='ocrx_word' id='word_1_23' title='bbox 666 822 786 875; x_wconf 80' lang='lat' dir='ltr'>magnae</span> <span class='ocrx_word' id='word_1_24' title='bbox 804 823 924 877; x_wconf 90' lang='lat' dir='ltr'>propere</span> <span class='ocrx_word' id='word_1_25' title='bbox 941 810 1056 864; x_wconf 82' lang='lat' dir='ltr'>recessit</span> 
     </span>
     <span class='ocr_line' id='line_1_7' title="bbox 494 893 737 952; baseline 0.021 -6"><span class='ocrx_word' id='word_1_26' title='bbox 494 893 606 948; x_wconf 83' lang='lat' dir='ltr'>Moenia</span> <span class='ocrx_word' id='word_1_27' title='bbox 624 895 737 952; x_wconf 84' lang='lat' dir='ltr'>Romae.</span> 
     </span>
    </p>

    <p class='ocr_par' dir='ltr' id='par_1_4' title="bbox 431 981 1094 1321">
     <span class='ocr_line' id='line_1_8' title="bbox 431 981 936 1041; baseline 0.014 -7"><span class='ocrx_word' id='word_1_28' title='bbox 431 981 556 1038; x_wconf 85' lang='lat' dir='ltr'>Dulciter</span> <span class='ocrx_word' id='word_1_29' title='bbox 574 983 666 1039; x_wconf 83' lang='lat' dir='ltr'>clarae</span> <span class='ocrx_word' id='word_1_30' title='bbox 684 985 844 1040; x_wconf 82' lang='lat' dir='ltr'><strong>modulatur</strong></span> <span class='ocrx_word' id='word_1_31' title='bbox 862 988 936 1041; x_wconf 86' lang='lat' dir='ltr'>artes</span> 
     </span>
     <span class='ocr_line' id='line_1_9' title="bbox 491 1071 1094 1146; baseline 0.017 -22"><span class='ocrx_word' id='word_1_32' title='bbox 491 1071 642 1141; x_wconf 82' lang='lat' dir='ltr'>Tempore,</span> <span class='ocrx_word' id='word_1_33' title='bbox 661 1072 783 1128; x_wconf 79' lang='lat' dir='ltr'>invictus</span> <span class='ocrx_word' id='word_1_34' title='bbox 802 1073 884 1142; x_wconf 85' lang='lat' dir='ltr'>Cato,</span> <span class='ocrx_word' id='word_1_35' title='bbox 905 1075 1019 1133; x_wconf 76' lang='lat' dir='ltr'>Fulvius</span> <span class='ocrx_word' id='word_1_36' title='bbox 1038 1097 1094 1146; x_wconf 91' lang='lat' dir='ltr'>quo</span> 
     </span>
     <span class='ocr_line' id='line_1_10' title="bbox 493 1159 1005 1235; baseline 0.012 -20"><span class='ocrx_word' id='word_1_37' title='bbox 493 1159 602 1231; x_wconf 84' lang='lat' dir='ltr'><strong>Scipio,</strong></span> <span class='ocrx_word' id='word_1_38' title='bbox 621 1164 650 1216; x_wconf 88' lang='lat' dir='ltr'>et</span> <span class='ocrx_word' id='word_1_39' title='bbox 668 1162 744 1217; x_wconf 82' lang='lat' dir='ltr'>iama</span> <span class='ocrx_word' id='word_1_40' title='bbox 762 1162 866 1218; x_wconf 79' lang='lat' dir='ltr'>celebri</span> <span class='ocrx_word' id='word_1_41' title='bbox 884 1182 1005 1235; x_wconf 88' lang='lat' dir='ltr'>perenne</span> 
     </span>
     <span class='ocr_line' id='line_1_11' title="bbox 491 1250 755 1321; baseline 0.015 -19"><span class='ocrx_word' id='word_1_42' title='bbox 491 1250 629 1321; x_wconf 78' lang='lat' dir='ltr'>Prorogat</span> <span class='ocrx_word' id='word_1_43' title='bbox 647 1267 755 1307; x_wconf 84' lang='lat' dir='ltr'>aevum.</span> 
     </span>
    </p>

    <p class='ocr_par' dir='ltr' id='par_1_5' title="bbox 431 1338 1019 1661">
     <span class='ocr_line' id='line_1_12' title="bbox 431 1338 1019 1398; baseline 0.01 -6"><span class='ocrx_word' id='word_1_44' title='bbox 431 1338 583 1393; x_wconf 87' lang='lat' dir='ltr'>Criminurn</span> <span class='ocrx_word' id='word_1_45' title='bbox 602 1339 729 1395; x_wconf 85' lang='lat' dir='ltr'>altricem</span> <span class='ocrx_word' id='word_1_46' title='bbox 748 1340 857 1397; x_wconf 87' lang='lat' dir='ltr'>domuit</span> <span class='ocrx_word' id='word_1_47' title='bbox 876 1343 1019 1398; x_wconf 86' lang='lat' dir='ltr'>iuventam</span> 
     </span>
     <span class='ocr_line' id='line_1_13' title="bbox 491 1427 1019 1502; baseline 0.011 -20"><span class='ocrx_word' id='word_1_48' title='bbox 491 1427 607 1498; x_wconf 79' lang='lat' dir='ltr'>Saepius</span> <span class='ocrx_word' id='word_1_49' title='bbox 625 1428 725 1500; x_wconf 82' lang='lat' dir='ltr'>longas</span> <span class='ocrx_word' id='word_1_50' title='bbox 742 1429 888 1501; x_wconf 78' lang='lat' dir='ltr'>vigilando</span> <span class='ocrx_word' id='word_1_51' title='bbox 907 1434 1019 1502; x_wconf 83' lang='lat' dir='ltr'>noctes,</span> 
     </span>
     <span class='ocr_line' id='line_1_14' title="bbox 488 1517 937 1590; baseline 0.009 -19"><span class='ocrx_word' id='word_1_52' title='bbox 488 1517 569 1572; x_wconf 84' lang='lat' dir='ltr'>Vnde</span> <span class='ocrx_word' id='word_1_53' title='bbox 588 1517 677 1572; x_wconf 86' lang='lat' dir='ltr'>divini</span> <span class='ocrx_word' id='word_1_54' title='bbox 696 1518 797 1573; x_wconf 86' lang='lat' dir='ltr'>tacitus</span> <span class='ocrx_word' id='word_1_55' title='bbox 816 1520 937 1590; x_wconf 74' lang='lat' dir='ltr'>resurgit</span> 
     </span>
     <span class='ocr_line' id='line_1_15' title="bbox 488 1605 722 1661; baseline 0 -1"><span class='ocrx_word' id='word_1_56' title='bbox 488 1605 613 1661; x_wconf 82' lang='lat' dir='ltr'>Pectoris</span> <span class='ocrx_word' id='word_1_57' title='bbox 631 1606 722 1661; x_wconf 86' lang='lat' dir='ltr'>ardor.</span> 
     </span>
    </p>

    <p class='ocr_par' dir='ltr' id='par_1_6' title="bbox 426 1695 1051 2019">
     <span class='ocr_line' id='line_1_16' title="bbox 426 1695 965 1766; baseline 0.009 -18"><span class='ocrx_word' id='word_1_58' title='bbox 426 1697 547 1766; x_wconf 83' lang='lat' dir='ltr'>Asperos</span> <span class='ocrx_word' id='word_1_59' title='bbox 566 1695 654 1750; x_wconf 86' lang='lat' dir='ltr'>sensit</span> <span class='ocrx_word' id='word_1_60' title='bbox 673 1698 767 1751; x_wconf 89' lang='lat' dir='ltr'>tamen</span> <span class='ocrx_word' id='word_1_61' title='bbox 786 1696 850 1752; x_wconf 91' lang='lat' dir='ltr'>inde</span> <span class='ocrx_word' id='word_1_62' title='bbox 870 1714 965 1754; x_wconf 88' lang='lat' dir='ltr'>cursus</span> 
     </span>
     <span class='ocr_line' id='line_1_17' title="bbox 488 1783 1015 1857; baseline 0.011 -19"><span class='ocrx_word' id='word_1_63' title='bbox 488 1783 572 1839; x_wconf 87' lang='lat' dir='ltr'>Vitae</span> <span class='ocrx_word' id='word_1_64' title='bbox 591 1785 620 1839; x_wconf 91' lang='lat' dir='ltr'>et</span> <span class='ocrx_word' id='word_1_65' title='bbox 638 1785 734 1840; x_wconf 78' lang='lat' dir='ltr'>infesti</span> <span class='ocrx_word' id='word_1_66' title='bbox 752 1786 878 1855; x_wconf 82' lang='lat' dir='ltr'>precium</span> <span class='ocrx_word' id='word_1_67' title='bbox 897 1786 1015 1857; x_wconf 88' lang='lat' dir='ltr'>laboris;</span> 
     </span>
     <span class='ocr_line' id='line_1_18' title="bbox 490 1873 1051 1932; baseline 0.005 -3"><span class='ocrx_word' id='word_1_68' title='bbox 490 1874 562 1929; x_wconf 85' lang='lat' dir='ltr'>Nam</span> <span class='ocrx_word' id='word_1_69' title='bbox 582 1873 685 1929; x_wconf 88' lang='lat' dir='ltr'>molam</span> <span class='ocrx_word' id='word_1_70' title='bbox 705 1874 774 1928; x_wconf 90' lang='lat' dir='ltr'>duro</span> <span class='ocrx_word' id='word_1_71' title='bbox 795 1873 900 1930; x_wconf 84' lang='lat' dir='ltr'>Cereris</span> <span class='ocrx_word' id='word_1_72' title='bbox 918 1878 1051 1932; x_wconf 82' lang='lat' dir='ltr'>terendae</span> 
     </span>
     <span class='ocr_line' id='line_1_19' title="bbox 487 1963 715 2019; baseline 0 -2"><span class='ocrx_word' id='word_1_73' title='bbox 487 1963 600 2018; x_wconf 86' lang='lat' dir='ltr'>Munere</span> <span class='ocrx_word' id='word_1_74' title='bbox 618 1963 715 2019; x_wconf 83' lang='lat' dir='ltr'>volvit.</span> 
     </span>
    </p>

    <p class='ocr_par' dir='ltr' id='par_1_7' title="bbox 425 2052 1051 2391">
     <span class='ocr_line' id='line_1_20' title="bbox 425 2052 947 2122; baseline 0.006 -16"><span class='ocrx_word' id='word_1_75' title='bbox 425 2052 471 2106; x_wconf 90' lang='lat' dir='ltr'>Dii</span> <span class='ocrx_word' id='word_1_76' title='bbox 489 2052 557 2109; x_wconf 89' lang='lat' dir='ltr'>boni</span> <span class='ocrx_word' id='word_1_77' title='bbox 576 2054 680 2122; x_wconf 88' lang='lat' dir='ltr'>quanto</span> <span class='ocrx_word' id='word_1_78' title='bbox 698 2053 791 2109; x_wconf 82' lang='lat' dir='ltr'>studio</span> <span class='ocrx_word' id='word_1_79' title='bbox 811 2055 841 2109; x_wconf 92' lang='lat' dir='ltr'>et</span> <span class='ocrx_word' id='word_1_80' title='bbox 858 2054 947 2110; x_wconf 85' lang='lat' dir='ltr'>nitore</span> 
     </span>
     <span class='ocr_line' id='line_1_21' title="bbox 485 2142 1012 2200; baseline 0.006 -4"><span class='ocrx_word' id='word_1_81' title='bbox 485 2142 540 2198; x_wconf 86' lang='lat' dir='ltr'>Hic</span> <span class='ocrx_word' id='word_1_82' title='bbox 559 2158 623 2197; x_wconf 89' lang='lat' dir='ltr'>suos</span> <span class='ocrx_word' id='word_1_83' title='bbox 641 2144 740 2197; x_wconf 78' lang='lat' dir='ltr'>auctor</span> <span class='ocrx_word' id='word_1_84' title='bbox 758 2143 873 2199; x_wconf 88' lang='lat' dir='ltr'>decorat</span> <span class='ocrx_word' id='word_1_85' title='bbox 890 2144 1012 2200; x_wconf 80' lang='lat' dir='ltr'>libellos!</span> 
     </span>
     <span class='ocr_line' id='line_1_22' title="bbox 485 2230 1051 2303; baseline 0.004 -17"><span class='ocrx_word' id='word_1_86' title='bbox 485 2230 582 2302; x_wconf 85' lang='lat' dir='ltr'>Carpit</span> <span class='ocrx_word' id='word_1_87' title='bbox 600 2249 634 2287; x_wconf 92' lang='lat' dir='ltr'>en</span> <span class='ocrx_word' id='word_1_88' title='bbox 655 2232 751 2287; x_wconf 83' lang='lat' dir='ltr'>luxum</span> <span class='ocrx_word' id='word_1_89' title='bbox 769 2233 895 2303; x_wconf 85' lang='lat' dir='ltr'>variique</span> <span class='ocrx_word' id='word_1_90' title='bbox 912 2235 1051 2289; x_wconf 85' lang='lat' dir='ltr'>monstrat</span> 
     </span>
     <span class='ocr_line' id='line_1_23' title="bbox 485 2321 735 2391; baseline 0.008 -17"><span class='ocrx_word' id='word_1_91' title='bbox 485 2321 626 2391; x_wconf 79' lang='lat' dir='ltr'>Dogmata</span> <span class='ocrx_word' id='word_1_92' title='bbox 643 2321 735 2377; x_wconf 86' lang='lat' dir='ltr'>saecli.</span> 
     </span>
    </p>

    <p class='ocr_par' dir='ltr' id='par_1_8' title="bbox 425 2409 1068 2732">
     <span class='ocr_line' id='line_1_24' title="bbox 425 2409 1046 2480; baseline 0.005 -16"><span class='ocrx_word' id='word_1_93' title='bbox 425 2409 526 2479; x_wconf 83' lang='lat' dir='ltr'>Cerne,</span> <span class='ocrx_word' id='word_1_94' title='bbox 545 2412 578 2465; x_wconf 88' lang='lat' dir='ltr'>ut</span> <span class='ocrx_word' id='word_1_95' title='bbox 595 2411 728 2466; x_wconf 82' lang='lat' dir='ltr'>Actaeam</span> <span class='ocrx_word' id='word_1_96' title='bbox 748 2410 875 2480; x_wconf 89' lang='lat' dir='ltr'>sequitur</span> <span class='ocrx_word' id='word_1_97' title='bbox 893 2411 1046 2467; x_wconf 81' lang='lat' dir='ltr'>Minervam</span> 
     </span>
     <span class='ocr_line' id='line_1_25' title="bbox 488 2497 1068 2570; baseline 0.002 -16"><span class='ocrx_word' id='word_1_98' title='bbox 488 2499 611 2568; x_wconf 78' lang='lat' dir='ltr'>Vultque</span> <span class='ocrx_word' id='word_1_99' title='bbox 630 2499 666 2553; x_wconf 84' lang='lat' dir='ltr'>ad</span> <span class='ocrx_word' id='word_1_100' title='bbox 685 2497 828 2570; x_wconf 85' lang='lat' dir='ltr'>exemplar</span> <span class='ocrx_word' id='word_1_101' title='bbox 845 2499 953 2570; x_wconf 87' lang='lat' dir='ltr'>pariter</span> <span class='ocrx_word' id='word_1_102' title='bbox 971 2501 1068 2570; x_wconf 82' lang='lat' dir='ltr'>rogari</span> 
     </span>
     <span class='ocr_line' id='line_1_26' title="bbox 486 2587 1029 2658; baseline 0.006 -16"><span class='ocrx_word' id='word_1_103' title='bbox 486 2589 578 2658; x_wconf 84' lang='lat' dir='ltr'>illiue,</span> <span class='ocrx_word' id='word_1_104' title='bbox 598 2587 698 2644; x_wconf 81' lang='lat' dir='ltr'>Graiae</span> <span class='ocrx_word' id='word_1_105' title='bbox 717 2587 765 2658; x_wconf 89' lang='lat' dir='ltr'>qui</span> <span class='ocrx_word' id='word_1_106' title='bbox 784 2591 846 2643; x_wconf 89' lang='lat' dir='ltr'>erat</span> <span class='ocrx_word' id='word_1_107' title='bbox 863 2591 893 2644; x_wconf 91' lang='lat' dir='ltr'>et</span> <span class='ocrx_word' id='word_1_108' title='bbox 911 2589 1029 2645; x_wconf 79' lang='lat' dir='ltr'>Sicanae</span> 
     </span>
     <span class='ocr_line' id='line_1_27' title="bbox 486 2676 700 2732; baseline -0.005 -1"><span class='ocrx_word' id='word_1_109' title='bbox 486 2676 583 2732; x_wconf 79' lang='lat' dir='ltr'>Gloria</span> <span class='ocrx_word' id='word_1_110' title='bbox 601 2679 700 2732; x_wconf 86' lang='lat' dir='ltr'>terrae.</span> 
     </span>
    </p>

    <p class='ocr_par' dir='ltr' id='par_1_9' title="bbox 427 2764 1061 3087">
     <span class='ocr_line' id='line_1_28' title="bbox 427 2764 949 2834; baseline 0 -13"><span class='ocrx_word' id='word_1_111' title='bbox 427 2764 490 2821; x_wconf 90' lang='lat' dir='ltr'>Non</span> <span class='ocrx_word' id='word_1_112' title='bbox 509 2782 581 2834; x_wconf 87' lang='lat' dir='ltr'>queo</span> <span class='ocrx_word' id='word_1_113' title='bbox 599 2765 696 2821; x_wconf 86' lang='lat' dir='ltr'>laudes</span> <span class='ocrx_word' id='word_1_114' title='bbox 715 2765 829 2820; x_wconf 86' lang='lat' dir='ltr'>meritas</span> <span class='ocrx_word' id='word_1_115' title='bbox 847 2766 949 2821; x_wconf 80' lang='lat' dir='ltr'>referre</span> 
     </span>
     <span class='ocr_line' id='line_1_29' title="bbox 485 2854 979 2924; baseline 0 -16"><span class='ocrx_word' id='word_1_116' title='bbox 485 2855 554 2909; x_wconf 83' lang='lat' dir='ltr'>Tam</span> <span class='ocrx_word' id='word_1_117' title='bbox 574 2854 613 2924; x_wconf 91' lang='lat' dir='ltr'>pii</span> <span class='ocrx_word' id='word_1_118' title='bbox 633 2855 704 2910; x_wconf 85' lang='lat' dir='ltr'>vatis</span> <span class='ocrx_word' id='word_1_119' title='bbox 722 2871 837 2910; x_wconf 85' lang='lat' dir='ltr'>numero</span> <span class='ocrx_word' id='word_1_120' title='bbox 856 2855 902 2909; x_wconf 86' lang='lat' dir='ltr'>vel</span> <span class='ocrx_word' id='word_1_121' title='bbox 921 2871 979 2924; x_wconf 85' lang='lat' dir='ltr'>ore,</span> 
     </span>
     <span class='ocr_line' id='line_1_30' title="bbox 483 2942 1061 3014; baseline 0.003 -17"><span class='ocrx_word' id='word_1_122' title='bbox 483 2942 572 3007; x_wconf 78' lang='lat' dir='ltr'>Quem</span> <span class='ocrx_word' id='word_1_123' title='bbox 592 2945 706 3014; x_wconf 88' lang='lat' dir='ltr'>stupent</span> <span class='ocrx_word' id='word_1_124' title='bbox 724 2943 825 2999; x_wconf 91' lang='lat' dir='ltr'>summi</span> <span class='ocrx_word' id='word_1_125' title='bbox 843 2942 1061 3013; x_wconf 87' lang='lat' dir='ltr'>medioximiquo</span> 
     </span>
     <span class='ocr_line' id='line_1_31' title="bbox 482 3031 748 3087; baseline 0.011 -3"><span class='ocrx_word' id='word_1_126' title='bbox 482 3031 623 3087; x_wconf 80' lang='lat' dir='ltr'>Laudibus</span> <span class='ocrx_word' id='word_1_127' title='bbox 642 3034 748 3087; x_wconf 81' lang='lat' dir='ltr'>ornant.</span> 
     </span>
    </p>
   </div>
   <div class='ocr_carea' id='block_1_3' title="bbox 212 3495 1267 3568">
    <p class='ocr_par' dir='ltr' id='par_1_10' title="bbox 212 3495 1267 3568">
     <span class='ocr_line' id='line_1_32' title="bbox 212 3495 1267 3568; baseline 0.004 -18"><span class='ocrx_word' id='word_1_128' title='bbox 212 3504 240 3551; x_wconf 85' lang='lat'>3.</span> <span class='ocrx_word' id='word_1_129' title='bbox 269 3497 392 3552; x_wconf 83' lang='lat' dir='ltr'>Sieben</span> <span class='ocrx_word' id='word_1_130' title='bbox 410 3497 625 3568; x_wconf 83' lang='lat' dir='ltr'>Epigramme</span> <span class='ocrx_word' id='word_1_131' title='bbox 644 3497 705 3551; x_wconf 88' lang='lat' dir='ltr'>auf</span> <span class='ocrx_word' id='word_1_132' title='bbox 721 3495 774 3551; x_wconf 88' lang='lat' dir='ltr'>die</span> <span class='ocrx_word' id='word_1_133' title='bbox 792 3495 1057 3552; x_wconf 86' lang='lat' dir='ltr'>Plautinischen</span> <span class='ocrx_word' id='word_1_134' title='bbox 1076 3496 1267 3555; x_wconf 78' lang='lat' dir='ltr'>Gomodien.</span> 
     </span>
    </p>
   </div>
   <div class='ocr_carea' id='block_1_4' title="bbox 163 3619 1313 3871">
    <p class='ocr_par' dir='ltr' id='par_1_11' title="bbox 163 3619 1313 3871">
     <span class='ocr_line' id='line_1_33' title="bbox 163 3619 1313 3691; baseline 0.002 -14"><span class='ocrx_word' id='word_1_135' title='bbox 163 3624 239 3691; x_wconf 81' lang='lat' dir='ltr'>(Aua</span> <span class='ocrx_word' id='word_1_136' title='bbox 250 3621 374 3677; x_wconf 84' lang='lat' dir='ltr'>‘Stichus</span> <span class='ocrx_word' id='word_1_137' title='bbox 387 3619 533 3676; x_wconf 87' lang='lat' dir='ltr'>Plautinus</span> <span class='ocrx_word' id='word_1_138' title='bbox 546 3621 713 3690; x_wconf 87' lang='lat' dir='ltr'>pudicitiam</span> <span class='ocrx_word' id='word_1_139' title='bbox 727 3638 760 3676; x_wconf 86' lang='lat' dir='ltr'>ac</span> <span class='ocrx_word' id='word_1_140' title='bbox 773 3622 932 3678; x_wconf 88' lang='lat' dir='ltr'>maritalem</span> <span class='ocrx_word' id='word_1_141' title='bbox 950 3623 1034 3677; x_wconf 84' lang='lat' dir='ltr'>fidem</span> <span class='ocrx_word' id='word_1_142' title='bbox 1053 3621 1140 3677; x_wconf 84' lang='lat' dir='ltr'>etiam</span> <span class='ocrx_word' id='word_1_143' title='bbox 1158 3624 1188 3679; x_wconf 93' lang='lat' dir='ltr'>in</span> <span class='ocrx_word' id='word_1_144' title='bbox 1201 3623 1313 3680; x_wconf 85' lang='lat' dir='ltr'>sinistra</span> 
     </span>
     <span class='ocr_line' id='line_1_34' title="bbox 186 3709 1295 3781; baseline 0.003 -16"><span class='ocrx_word' id='word_1_145' title='bbox 186 3711 300 3766; x_wconf 84' lang='lat' dir='ltr'>fortuna</span> <span class='ocrx_word' id='word_1_146' title='bbox 318 3710 483 3766; x_wconf 83' lang='lat' dir='ltr'>servandum</span> <span class='ocrx_word' id='word_1_147' title='bbox 501 3726 560 3765; x_wconf 90' lang='lat' dir='ltr'>esse</span> <span class='ocrx_word' id='word_1_148' title='bbox 580 3710 693 3766; x_wconf 88' lang='lat' dir='ltr'>docens’</span> <span class='ocrx_word' id='word_1_149' title='bbox 715 3709 837 3781; x_wconf 82' lang='lat' dir='ltr'>Leipzig,</span> <span class='ocrx_word' id='word_1_150' title='bbox 856 3710 956 3766; x_wconf 86' lang='lat' dir='ltr'>Melch.</span> <span class='ocrx_word' id='word_1_151' title='bbox 975 3711 1074 3766; x_wconf 89' lang='lat' dir='ltr'>Lotter</span> <span class='ocrx_word' id='word_1_152' title='bbox 1095 3718 1171 3780; x_wconf 80' lang='lat'>1512,</span> <span class='ocrx_word' id='word_1_153' title='bbox 1190 3713 1247 3768; x_wconf 90' lang='lat' dir='ltr'>und</span> <span class='ocrx_word' id='word_1_154' title='bbox 1266 3713 1295 3768; x_wconf 92' lang='lat' dir='ltr'>in</span> 
     </span>
     <span class='ocr_line' id='line_1_35' title="bbox 317 3799 1164 3871; baseline -0.002 -15"><span class='ocrx_word' id='word_1_155' title='bbox 317 3801 407 3856; x_wconf 88' lang='lat' dir='ltr'>einem</span> <span class='ocrx_word' id='word_1_156' title='bbox 426 3816 516 3855; x_wconf 86' lang='lat' dir='ltr'>neuen</span> <span class='ocrx_word' id='word_1_157' title='bbox 534 3799 668 3854; x_wconf 77' lang='lat' dir='ltr'>Abdruclr</span> <span class='ocrx_word' id='word_1_158' title='bbox 685 3817 741 3854; x_wconf 84' lang='lat' dir='ltr'>von</span> <span class='ocrx_word' id='word_1_159' title='bbox 761 3805 838 3868; x_wconf 77' lang='lat'>1513,</span> <span class='ocrx_word' id='word_1_160' title='bbox 858 3801 908 3855; x_wconf 81' lang='lat' dir='ltr'>auf</span> <span class='ocrx_word' id='word_1_161' title='bbox 924 3801 987 3855; x_wconf 88' lang='lat' dir='ltr'>dem</span> <span class='ocrx_word' id='word_1_162' title='bbox 1005 3801 1164 3871; x_wconf 82' lang='lat' dir='ltr'>Titelblatt)</span> 
     </span>
    </p>
   </div>
   <div class='ocr_carea' id='block_1_5' title="bbox 168 3941 1310 4013">
    <p class='ocr_par' dir='ltr' id='par_1_12' title="bbox 168 3941 1310 4013">
     <span class='ocr_line' id='line_1_36' title="bbox 168 3941 1310 4013; baseline 0.002 -16"><span class='ocrx_word' id='word_1_163' title='bbox 168 3942 231 3998; x_wconf 82' lang='lat' dir='ltr'>viti</span> <span class='ocrx_word' id='word_1_164' title='bbox 240 3942 367 3997; x_wconf 89' lang='lat' dir='ltr'>Vuerleri</span> <span class='ocrx_word' id='word_1_165' title='bbox 380 3941 520 3998; x_wconf 82' lang='lat' dir='ltr'>distichon</span> <span class='ocrx_word' id='word_1_166' title='bbox 534 3941 564 3997; x_wconf 90' lang='lat' dir='ltr'>in</span> <span class='ocrx_word' id='word_1_167' title='bbox 573 3942 768 3997; x_wconf 83' lang='lat' dir='ltr'>Plautinamm</span> <span class='ocrx_word' id='word_1_168' title='bbox 781 3942 940 3998; x_wconf 74' lang='lat' dir='ltr'>fabularum</span> <span class='ocrx_word' id='word_1_169' title='bbox 950 3943 1104 3999; x_wconf 85' lang='lat' dir='ltr'>utilitatem</span> <span class='ocrx_word' id='word_1_170' title='bbox 1116 3943 1310 4013; x_wconf 77' lang='lat' dir='ltr'>compositum,</span> 
     </span>
    </p>
   </div>
   <div class='ocr_carea' id='block_1_6' title="bbox 329 4065 1101 4138">
    <p class='ocr_par' dir='ltr' id='par_1_13' title="bbox 329 4065 1101 4138">
     <span class='ocr_line' id='line_1_37' title="bbox 329 4065 1101 4138; baseline 0.006 -19"><span class='ocrx_word' id='word_1_171' title='bbox 329 4065 383 4133; x_wconf 88' lang='lat' dir='ltr'>Qui</span> <span class='ocrx_word' id='word_1_172' title='bbox 402 4066 479 4136; x_wconf 88' lang='lat' dir='ltr'>cupis</span> <span class='ocrx_word' id='word_1_173' title='bbox 497 4067 533 4122; x_wconf 90' lang='lat' dir='ltr'>ad</span> <span class='ocrx_word' id='word_1_174' title='bbox 551 4067 627 4122; x_wconf 84' lang='lat' dir='ltr'>vitae</span> <span class='ocrx_word' id='word_1_175' title='bbox 646 4066 755 4138; x_wconf 80' lang='lat' dir='ltr'>frugem</span> <span class='ocrx_word' id='word_1_176' title='bbox 774 4068 926 4137; x_wconf 87' lang='lat' dir='ltr'>Latiasque</span> <span class='ocrx_word' id='word_1_177' title='bbox 946 4068 1101 4124; x_wconf 79' lang='lat' dir='ltr'>(lampenas</span> 
     </span>
    </p>
   </div>
   <div class='ocr_carea' id='block_1_7' title="bbox 380 4155 1071 4298">
    <p class='ocr_par' dir='ltr' id='par_1_14' title="bbox 380 4155 1071 4298">
     <span class='ocr_line' id='line_1_38' title="bbox 380 4155 1071 4225; baseline 0.004 -16"><span class='ocrx_word' id='word_1_178' title='bbox 380 4156 513 4225; x_wconf 71' lang='lat' dir='ltr'>Fugere,</span> <span class='ocrx_word' id='word_1_179' title='bbox 531 4172 567 4210; x_wconf 90' lang='lat' dir='ltr'>ue</span> <span class='ocrx_word' id='word_1_180' title='bbox 586 4155 709 4211; x_wconf 88' lang='lat' dir='ltr'>dubites:</span> <span class='ocrx_word' id='word_1_181' title='bbox 729 4157 824 4212; x_wconf 88' lang='lat' dir='ltr'>omnia</span> <span class='ocrx_word' id='word_1_182' title='bbox 842 4157 957 4211; x_wconf 90' lang='lat' dir='ltr'>Plautus</span> <span class='ocrx_word' id='word_1_183' title='bbox 976 4157 1071 4213; x_wconf 89' lang='lat' dir='ltr'>habet.</span> 
     </span>
     <span class='ocr_line' id='line_1_39' title="bbox 629 4241 723 4298; baseline 0.011 -1"><span class='ocrx_word' id='word_1_184' title='bbox 629 4241 723 4298; x_wconf 81' lang='lat' dir='ltr'>Aliud.</span> 
     </span>
    </p>
   </div>
   <div class='ocr_carea' id='block_1_8' title="bbox 327 4330 1100 4494">
    <p class='ocr_par' dir='ltr' id='par_1_15' title="bbox 327 4330 1100 4494">
     <span class='ocr_line' id='line_1_40' title="bbox 327 4330 1100 4404; baseline 0.008 -21"><span class='ocrx_word' id='word_1_185' title='bbox 327 4331 408 4386; x_wconf 83' lang='lat' dir='ltr'>Artes</span> <span class='ocrx_word' id='word_1_186' title='bbox 428 4330 618 4402; x_wconf 87' lang='lat' dir='ltr'>Thespiadum</span> <span class='ocrx_word' id='word_1_187' title='bbox 637 4334 667 4387; x_wconf 90' lang='lat' dir='ltr'>et</span> <span class='ocrx_word' id='word_1_188' title='bbox 684 4331 776 4388; x_wconf 83' lang='lat' dir='ltr'>varios</span> <span class='ocrx_word' id='word_1_189' title='bbox 796 4350 846 4403; x_wconf 88' lang='lat' dir='ltr'>pro</span> <span class='ocrx_word' id='word_1_190' title='bbox 864 4334 990 4404; x_wconf 88' lang='lat' dir='ltr'>tompore</span> <span class='ocrx_word' id='word_1_191' title='bbox 1009 4349 1100 4390; x_wconf 90' lang='lat' dir='ltr'>mores</span> 
     </span>
     <span class='ocr_line' id='line_1_41' title="bbox 379 4420 1068 4494; baseline 0.009 -19"><span class='ocrx_word' id='word_1_192' title='bbox 379 4420 503 4476; x_wconf 87' lang='lat' dir='ltr'>Plautini</span> <span class='ocrx_word' id='word_1_193' title='bbox 521 4422 677 4477; x_wconf 84' lang='lat' dir='ltr'>monstrant</span> <span class='ocrx_word' id='word_1_194' title='bbox 695 4425 969 4494; x_wconf 87' lang='lat' dir='ltr'>commemorantque</span> <span class='ocrx_word' id='word_1_195' title='bbox 987 4423 1068 4481; x_wconf 87' lang='lat' dir='ltr'>sales.</span> 
     </span>
    </p>
   </div>
   <div class='ocr_carea' id='block_1_9' title="bbox 0 0 1486 5032">
    <p class='ocr_par' dir='ltr' id='par_1_16' title="bbox 0 0 1486 5032">
     <span class='ocr_line' id='line_1_42' title="bbox 0 0 1486 5032; baseline 0 0"><span class='ocrx_word' id='word_1_196' title='bbox 0 0 1486 5032; x_wconf 95' lang='lat' dir='ltr'> </span> 
     </span>
    </p>
   </div>
  </div>
 </body>
</html>
