2962 5032
229 263 296 328 554
517 281 590 331 nvo
613 281 876 331 recensuisses
899 285 1083 335 ensurius.

229 430 267 490 ut
293 426 391 490 vestri
419 426 527 491 iudicii
556 426 723 491 exercendi
751 429 876 511 copiam
906 434 1053 513 paratam
1082 429 1240 494 babeatis.
1291 428 1380 506 Quid

229 533 315 597 enim
340 533 391 617 sit,
415 554 472 597 cur
494 533 556 597 hoc
579 532 786 616 potissimum
809 538 954 619 tempore
973 557 1089 620 operae
1109 557 1283 620 parcamus
1308 537 1381 602 bre·

230 639 388 723 vitatique
412 640 600 704 studeamus
624 642 1005 727 praesummatis
1033 644 1118 707 inter
1140 665 1199 709 ros
1223 648 1380 708 constare

229 749 390 830 putamus.
445 744 633 831 Delegimus
666 747 769 830 igitur
801 747 959 812 canticum
993 747 1073 813 illud
1105 772 1125 814 a
1157 772 1222 835 quo
1256 772 1381 815 scaena

229 853 335 917 altera
357 852 516 918 Ponnvnl
541 851 668 936 incipit:
697 853 787 917 cuius
811 853 875 938 ipsi
898 854 1045 920 videritis
1068 879 1146 921 num
1170 857 1251 922 haec
1277 880 1379 941 quam

229 959 315 1024 infra
345 960 511 1044 posuimus
543 960 665 1044 species
697 981 755 1024 nec
785 958 953 1026 dissimilis
985 962 1051 1028 veri
1082 963 1125 1027 sit
1152 985 1211 1027 nec
1239 963 1381 1050 indigna

229 1065 354 1131 Plauto.

669 1246 937 1312 Ansssnssrvu.

274 1370 396 1456 Negoti
420 1367 485 1435 sibi
505 1370 560 1454 qui
583 1369 672 1435 uolet
694 1371 761 1435 uim
785 1371 910 1456 parare,

272 1477 400 1543 Nauem
423 1479 457 1541 et
478 1477 646 1541 mulierem
670 1476 750 1542 hae‘c
774 1477 836 1543 duo
860 1477 927 1543 sibi
947 1483 1143 1564 comparato.

267 1584 359 1649 'Nam
381 1584 491 1649 nullae
514 1582 620 1669 magis
643 1605 694 1648 res
718 1585 800 1649 duae
823 1585 895 1668 plus
918 1587 1029 1671 negoti

274 1690 417 1774 Habent,
441 1690 526 1755 forte
549 1689 577 1754 si
601 1688 763 1774 deceperis
787 1694 950 1776 exornare,

275 1797 400 1881 {Neque
423 1802 577 1882 umquam
601 1800 654 1861 sat
675 1795 758 1862 istae
782 1798 864 1863 duae'
887 1821 938 1863 res
963 1802 1142 1885 cruentum]
1325 1823 1379 1870 ele

274 1904 386 1991 Neque
409 1903 456 1968 eis
479 1904 547 1970 ulla
570 1904 705 1969 ornandi
729 1902 809 1969 satis
833 1905 969 1970 satieta‘s
993 1911 1051 1971 est.

274 2011 382 2097 Atque
404 2010 484 2076 haee
507 2014 544 2076 ut
565 2011 689 2096 loquor,
712 2033 796 2076 nunc
820 2011 915 2078 domo
938 2013 1035 2078 docta
1058 2011 1139 2081 dico.

272 2118 359 2185 Nam
382 2121 443 2184 u6s
468 2141 567 2202 usque
591 2119 632 2183 ab
656 2123 773 2184 aurora
796 2119 838 2183 ad
861 2119 922 2185 hoc
945 2121 1030 2204 quod
1054 2122 1149 2188 dieist

273 2226 330 2292 Ex.
346 2223 507 2290 industria
530 2225 642 2290 ambae
665 2226 841 2308 numquam
865 2228 1090 2292 concesssimus

273 2335 391 2424 Laudri
415 2337 472 2399 aut
494 2334 602 2399 fricdri
627 2338 684 2398 aut
707 2334 827 2432 tergeri
850 2335 1047 2418 autumari,
1322 2355 1377 2403 220

229 2462 368 2471 --ae
377 2463 439 2468 ..--

228 2527 344 2596 reliquis
364 2527 500 2595 omuibus,
520 2526 568 2582 nbi
583 2527 697 2595 quidem
712 2527 771 2582 eius
784 2527 939 2591 dissensum
953 2528 1061 2582 nullum
1076 2529 1242 2595 notaverim,
1261 2547 1376 2585 meeum

229 2617 385 2674 consentire
408 2632 573 2680 narravero,
600 2633 657 2669 nou
680 2632 779 2671 vereor
801 2616 926 2686 profecto
950 2633 985 2671 ne
1009 2618 1062 2672 hoc
1081 2634 1153 2672 vano
1177 2618 1375 2673 nesciocuius

229 2707 365 2778 gloriolae
388 2705 480 2759 studio
505 2704 605 2758 dixisse
630 2704 738 2759 videar:
767 2722 785 2759 a
808 2722 863 2774 quo
882 2722 931 2760 vos
951 2705 1063 2773 quidem
1082 2707 1167 2775 probe
1187 2707 1265 2762 scitis
1284 2726 1374 2776 quarn

229 2796 281 2851 sim
306 2796 426 2850 alienus:
460 2794 507 2848 sed
531 2810 655 2848 memoro
678 2794 731 2847 hoc
754 2796 786 2848 ut
808 2793 919 2863 penitus
943 2796 1127 2865 pernoscatis,
1151 2800 1257 2865 quauta
1281 2798 1320 2853 sit
1343 2798 1373 2852 in

229 2887 282 2940 hac
300 2885 363 2954 ipsa
382 2882 480 2938 critica
498 2885 572 2949 arte,
597 2899 667 2950 quae
686 2882 871 2937 incertissima
890 2883 977 2939 videri
998 2884 1090 2938 stultis
1109 2885 1269 2940 hominibus
1290 2887 1373 2954 solet,

229 2973 368 3028 certitudo
393 2974 421 3025 et
445 2973 589 3040 tamquam
612 2970 772 3026 necessitas.
809 2971 948 3027 Plurimae
973 2972 1046 3026 enim
1066 2975 1238 3044 corruptelas
1258 2994 1372 3044 prorsus

228 3062 330 3117 uostris
350 3061 506 3115 rationibus
526 3060 723 3115 convenienter
742 3060 850 3129 pridem
869 3061 1021 3115 sustulerat
1035 3062 1217 3130 Hermaunus,
1237 3068 1265 3117 et
1281 3070 1371 3116 sustu-

228 3150 300 3204 lerat
324 3151 383 3202 sine
403 3149 468 3202 talis
487 3149 551 3204 libri
571 3168 639 3219 ope,
659 3150 770 3218 qualem
789 3167 862 3203 nunc
880 3154 1021 3220 repertum
1041 3152 1070 3204 et
1088 3167 1233 3204 excussum
1254 3152 1372 3205 Ambro-

229 3238 337 3292 sianum
361 3238 507 3292 laetamur.
545 3237 650 3303 Quibus
674 3238 751 3291 nolui
770 3237 936 3308 singillatim
954 3239 1147 3294 enumerandis
1166 3255 1226 3294 esse
1247 3239 1372 3308 putidus.

229 3328 271 3381 En
295 3326 382 3396 igitur
400 3325 480 3381 vobis
505 3342 633 3381 scaenam
652 3326 675 3378 si
695 3325 785 3380 minus
804 3330 996 3395 persanatam,
1025 3330 1055 3382 at
1074 3330 1105 3381 ut
1123 3345 1141 3382 a
1158 3327 1280 3397 pristina
1299 3329 1370 3383 inte·

228 3417 331 3488 gritate
350 3417 425 3471 certe
444 3415 558 3485 propius
578 3431 661 3485 quam
681 3414 773 3470 adhuc
791 3415 846 3469 tuit
864 3416 959 3469 absit?

201 3607 215 3645 a
302 3594 406 3662 ‘Atque
425 3593 495 3646 hacc
515 3591 627 3660 quidem
646 3593 790 3647 hactenus.
829 3592 934 3659 Quibus
955 3593 1078 3648 fruimini
1096 3596 1240 3663 tamquam
1260 3596 1372 3663 ultima,

229 3702 312 3753 quam
340 3681 500 3751 impendero
527 3682 636 3735 vestrae
663 3681 835 3736 institutioni
862 3682 1038 3752 conceditur,
1064 3685 1165 3753 opella.
1208 3684 1254 3738 Sic
1274 3687 1371 3738 autem

227 3774 293 3829 volo
321 3787 484 3841 persuasum
511 3769 653 3838 babeatis,
682 3771 752 3823 nihil
779 3788 909 3839 umquam
934 3771 1121 3841 gratissimam
1145 3773 1370 3828 recordationem

227 3880 323 3917 eorum
343 3876 478 3914 annorum
497 3876 557 3914 esee
577 3859 799 3928 obscuraturum,
823 3878 872 3929 per
896 3877 964 3928 quos
988 3861 1153 3915 suavissimo
1178 3862 1370 3916 communium

228 3950 382 4004 studiorum
406 3946 518 4001 vinculo
543 3947 636 4015 vobis,
660 3947 795 4002 carissimi
820 3950 1039 4017 commilitones,
1063 3952 1091 4004 et
1114 3950 1161 4018 qui
1186 3952 1252 4004 ante
1274 3968 1323 4004 vos
1342 3953 1372 4005 in

227 4040 280 4092 hac
308 4038 466 4092 litterarum
489 4037 629 4106 palaestra
657 4037 840 4106 desudarunt,
869 4039 1031 4093 coniunctus
1055 4041 1100 4094 tot
1122 4039 1209 4093 studii
1232 4056 1301 4109 erga
1326 4058 1371 4094 me

227 4128 313 4182 vestri
341 4127 511 4181 documenta
539 4144 599 4179 sum
627 4129 770 4196 expertus,
798 4129 830 4181 ut
851 4128 923 4182 nihil
946 4129 1002 4182 iam
1026 4129 1149 4182 sanctius
1173 4131 1202 4182 ct
1225 4128 1372 4196 antiquius

227 4216 354 4282 habeam,
373 4233 457 4284 quam
476 4215 560 4269 etiarn
580 4219 664 4284 atque
684 4216 769 4270 etiam
789 4233 806 4270 a
824 4215 904 4271 vobis
923 4218 976 4271 hoc
995 4219 1099 4286 petere,
1119 4219 1152 4270 ut
1170 4216 1292 4284 aliquam
1314 4221 1371 4273 mei

228 4303 390 4358 memoriam
419 4305 506 4358 etiam
534 4303 657 4358 absentis
685 4303 865 4359 conservetis.
902 4303 1002 4359 Valete
1027 4305 1151 4374 mihique
1170 4305 1273 4360 favete.
1312 4307 1370 4361 Ser.

227 4390 414 4446 Vratislaviac
435 4393 460 4446 d.
481 4392 517 4445 xl
538 4411 572 4446 m.
593 4392 673 4447 Mart.
693 4394 944 4448 mccxxxvlm!
