2926 5040
356 272 657 323 smnunnrrosnn
681 274 753 321 nnn
776 258 984 323 1111111111.
1179 258 1240 322 721

243 503 273 589 r)
296 504 352 569 lm
375 504 617 571 Prooemium
642 507 706 573 des
730 507 988 574 Sommersem.
1015 508 1099 573 1856

368 645 509 734 (quaest
532 652 753 734 onomatolog.
777 649 970 735 Plautinae).

190 787 309 854 Verum
333 791 413 854 satis
437 794 488 853 est
509 812 679 876 nugarum,
702 814 899 876 quamquam
923 792 957 856 in
976 811 1092 876 genere
1111 814 1175 857 non
1194 793 1240 856 in·

79 891 261 961 strumoso
292 916 461 980 nugarum.
508 898 601 974 Quod
635 903 672 962 ut
705 900 753 963 ita
782 921 852 963 esse
885 898 977 962 vobis
1010 898 1242 983 persuadeatis,

82 1007 303 1085 mementote,
326 1005 565 1069 commilitones
590 1005 764 1085 carissimi,
789 1004 874 1088 quod
899 1004 953 1067 diu
978 1010 1027 1068 est
1050 1026 1122 1068 cum
1147 1006 1241 1089 longe

84 1102 273 1172 clarissimi
293 1110 342 1173 vir
360 1115 394 1174 et
411 1111 552 1175 nominis
572 1117 605 1173 et
623 1112 761 1194 exempli
782 1111 1012 1194 pronuntiavit,
1027 1133 1091 1175 non
1112 1112 1241 1175 aliunde

84 1206 231 1281 discidia
258 1217 294 1280 in
321 1217 418 1281 rebus
448 1218 543 1301 longe
572 1219 773 1302 gravissimis
797 1218 935 1300 pendere
959 1218 1020 1281 nisi
1046 1218 1088 1281 ab
1112 1218 1238 1301 ignora-

82 1312 187 1383 tione
209 1323 452 1406 grammaticae.
497 1322 623 1389 Valete.

239 1730 269 1816 s)
292 1730 347 1796 Im
370 1731 612 1799 Prooemium
636 1734 701 1798 des
725 1732 987 1798 Sommersem.
1014 1733 1096 1798 1857

255 1870 308 1955 (de
332 1873 488 1960 Aeschyli
511 1874 546 1939 in
569 1874 700 1960 Septem
723 1876 869 1940 versibus
888 1873 1089 1960 254-261).

183 2013 244 2079 His
272 2015 411 2081 feliciter
439 2021 475 2081 ut
502 2039 670 2102 speramus
700 2019 750 2082 vel
779 2018 893 2082 saltem
923 2020 1075 2101 optamus
1098 2019 1239 2101 peractis

66 2117 244 2215 frenarent
271 2127 309 2187 ut
335 2123 490 2188 instantis
520 2124 655 2189 aestatis
683 2124 801 2189 studiis
830 2123 961 2206 vestris,
994 2124 1240 2209 commilitones,

63 2224 313 2293 lustitutionis
347 2229 547 2295 academicae
579 2229 777 2295 luculentam
810 2229 992 2293 ubertatem
1025 2229 1117 2294 illam
1156 2251 1240 2295 com-

61 2330 281 2399 mendemus
310 2357 407 2419 quam
437 2335 656 2401 subiectarum
687 2336 873 2401 tabularum
903 2336 1045 2400 varietas
1077 2358 1238 2401 common·

58 2424 189 2525 Stritt,
211 2443 241 2506 ei
264 2447 374 2507 autem
398 2444 670 2508 commendationi
694 2443 830 2507 alteram
853 2444 937 2508 hanc
957 2444 1117 2508 sociemus
1136 2443 1240 2527 ipsius

54 2540 253 2642 prooemii
277 2549 381 2613 nostri
405 2549 518 2614 ducem
542 2554 639 2634 atque
663 2550 831 2633 comitem,
853 2572 918 2632 qua
941 2571 1058 2614 nervos
1082 2549 1238 2614 contineri

53 2645 94 2693 ⁸¹
132 2665 212 2718 non
235 2656 415 2739 sapientiae
438 2659 474 2719 at
495 2655 739 2737 intellegentiae
763 2654 889 2720 Siculus
913 2660 1010 2738 pocta
1034 2656 1129 2719 dixit:
1153 2659 1237 2735 νᾶφε

51 2746 136 2809 καὶ
174 2761 300 2840 μέμναε’
319 2760 470 2842 ἀπιετεῑν,
493 2760 595 2841 ἄρθρα
618 2767 719 2825 ταῦτα
741 2765 807 2827 τῶν
830 2767 970 2841 φρενῶν.
1012 2761 1137 2827 Valete.

587 2994 746 3002 ---.-.-

237 3171 266 3257 1)
289 3171 343 3235 lm
368 3168 609 3236 Prooemium
632 3170 697 3236 des
722 3169 984 3237 Summerscm.
1011 3174 1094 3239 1858

288 3312 497 3400 (epimetrum
522 3314 560 3378 de
583 3312 741 3379 Varronis
765 3313 1046 3399 hebdomadibus).

185 3452 246 3519 Sed
269 3457 350 3520 satis
373 3460 406 3520 et
429 3456 606 3540 scripturae
631 3460 737 3520 estet
760 3456 972 3522 coniecturae.
1004 3455 1094 3531 Quae
1112 3457 1140 3520 si
1159 3457 1235 3521 telis

46 3544 168 3625 Ε3811
194 3563 433 3627 existimabitur
460 3585 556 3645 quae,
589 3567 662 3626 utut
689 3566 803 3647 suapte
831 3568 949 3628 natura
971 3561 1125 3645 ambigua
1148 3567 1181 3625 et
1204 3563 1237 3626 111

69 3647 218 3732 ”brios
241 3689 358 3753 genere
381 3668 518 3752 lubrica,
542 3690 600 3733 nec
624 3673 746 3733 temere
769 3667 949 3732 harioletur
973 3689 1031 3732 nec
1054 3668 1237 3751 petulanter

50 3755 275 3857 et³·lrilletur‚
308 3775 389 3838 satis
422 3797 492 3840 csse
526 3776 687 3839 consecuti
720 3775 815 3839 nobis
850 3773 1038 3838 videbimur.
1085 3772 1235 3838 Ceterum

51 3859 155 3960 ,νοῦ
177 3882 341 3965 11111111,
364 3887 521 3966 quantum
540 3904 598 3965 per
617 3883 775 3946 rationem
795 3881 879 3964 licet,
903 3884 990 3944 certa
1007 3881 1117 3964 potius
1137 3902 1234 3964 quam

54 3964 219 4051 ¹¹¹Certa
241 3988 421 4053 sectamini.

588 4168 745 4177 1—-———-

154 4375 191 4414 PB.
209 4380 358 4415 trinacriam
377 4380 510 4416 OPVSCVM
528 4380 553 4415 v.
