2962 5032
427 316 690 365 aununarrorus
714 317 922 366 curvamen.
1008 322 1012 331 ·
1181 304 1246 369 373

96 460 188 526 cellas
208 460 337 546 quidem
361 460 411 525 vel
434 460 549 526 naillac.
581 459 687 525 Multo
710 461 817 526 minus
841 462 917 528 licet
939 462 981 528 ab
1005 462 1066 529 iisse
1084 464 1245 548 proficisci

96 567 143 632 ad
161 568 257 651 pisse,
280 568 384 646 idacii,
407 568 525 633 adase
547 566 762 653 defendenda,
785 571 842 634 aut
865 569 945 633 adeo
969 569 1007 634 de
1031 571 1186 655 correptis
1209 571 1245 653 ff,

95 695 180 753 mm,
201 695 259 758 aa,
276 695 331 757 pp,
353 695 397 754 rr,
421 680 445 740 tt
467 674 584 739 litteris
608 675 752 760 cogitare
776 673 855 758 (nisi
879 675 965 760 quod
989 680 1022 740 et
1045 677 1244 762 singularem

96 785 136 846 et
163 783 365 847 constantem
392 781 552 847 rationem
581 804 651 846 esse
674 781 819 864 Petam
842 782 893 847 uel
916 782 1080 866 Pba'bppei
1102 784 1243 848 nominis

95 886 257 974 constat):
294 888 443 973 quamvis
471 888 586 953 talium
613 888 703 952 ferax
732 886 920 953 Schneideri
946 912 976 973 p.
1002 890 1065 954 736
1081 911 1148 974 sqq.
1172 890 1244 956 doc·

95 995 191 1061 trina
213 997 360 1080 evaserit,
384 1000 421 1061 ut
443 996 575 1060 dilectas
592 995 741 1060 arraboni
758 996 884 1060 deracau
902 996 1010 1077 dffiais
1033 996 1146 1061 formis
1170 1019 1243 1081 pro-

94 1103 197 1186 batis,
220 1102 392 1187 deditaque
415 1101 494 1166 adeo
520 1121 619 1186 opera
640 1104 755 1183 capitia
773 1101 1018 1186 Kampmannus
1038 1102 1076 1166 de
1095 1102 1160 1168 reb.
1175 1104 1241 1168 mil.

94 1209 148 1274 Pl.
171 1232 201 1294 p.
220 1210 263 1274 36
291 1208 469 1274 defenderit
492 1209 526 1273 in
549 1230 586 1272 eo
610 1230 703 1275 uersu
729 1207 861 1294 (Persae
883 1208 908 1293 I,
930 1211 957 1294 1,
977 1207 1047 1294 25),
1071 1212 1121 1275 cui
1146 1212 1240 1276 unius

98 1318 247 1402 syllabae
271 1317 526 1403 transpositione
549 1317 636 1382 iusta
659 1338 809 1381 mensura
832 1316 1036 1381 restituatur:

232 1493 361 1582 Sagitta
390 1517 445 1561 cor
472 1493 596 1580 Cupido
625 1517 732 1560 meum
759 1493 935 1560 transfixit.
980 1494 1050 1560 Iam
1079 1496 1164 1560 serui
1188 1493 1241 1561 hic
1255 1519 1354 1563 cxxiv
1447 1515 1479 1556 ·.

950 1602 1085 1667 amant?

97 1805 293 1869 quamquam
317 1782 445 1848 facilius
469 1782 568 1847 etiam
593 1787 626 1848 et
649 1783 775 1847 numeri
799 1786 832 1847 et
855 1804 960 1847 sermo
985 1781 1031 1846 sic
1049 1783 1240 1866 procedant:

95 1889 219 1974 Sapido
241 1889 320 1956 malci
343 1887 461 1972 (lepido
485 1911 536 1954 cor
559 1890 729 1971 transslati.
766 1890 855 1976 Ergo
878 1891 979 1976 igitur
1003 1890 1071 1954 siue
1095 1890 1163 1954 ulla
1186 1890 1240 1955 du-

96 1994 260 2062 bitatione
289 1996 533 2082 transponenda
565 2000 658 2061 erant
691 2019 719 2062 v.
743 1997 808 2062 385
840 1999 893 2062 se'd
922 1997 999 2062 ridde
1029 1998 1073 2062 aa
1099 1997 1239 2082 cistamfl)

95 2101 166 2169 Nec
187 2104 358 2189 quicquam
381 2103 535 2188 praesidii
564 2125 603 2167 ex
632 2102 732 2168 iccum
755 2101 855 2167 habet
878 2102 995 2168 vitiosa
1017 2103 1170 2187 prosodia
1192 2104 1239 2169 cic-

96 2210 201 2276 cambe
221 2211 371 2289 ὄσσαειιηι,
403 2211 453 2275 vel
484 2233 512 2274 v.
536 2211 602 2275 964
625 2211 707 2293 qued
727 2210 866 2293 decepisti
875 2208 928 2296 **)
936 2261 945 2294 ‚
976 2210 1010 2273 in
1032 2212 1115 2292 quod
1136 2216 1169 2275 ta
1191 2231 1239 2276 ae·

94 2320 188 2401 celati
209 2341 230 2383 a
246 2318 342 2384 nobis
362 2321 525 2383 mutatum
544 2319 616 2404 ipso
630 2317 847 2383 Ambrosiano
872 2318 960 2402 duce,
984 2339 1079 2402 quem
1103 2317 1181 2382 alibi
1205 2322 1239 2381 tac

94 2425 177 2490 dati
190 2447 250 2508 pro
264 2425 372 2491 aeaut
385 2428 551 2509 praestare
566 2447 597 2509 p.
606 2443 689 2490 nxw
706 2425 798 2507 [323]
813 2424 961 2489 vidimus.
984 2423 1117 2488 Praeter
1131 2425 1239 2488 cetera

94 2531 277 2616 comparari
299 2553 395 2616 posse
420 2553 493 2597 oum
516 2533 615 2597 ioeum
638 2533 764 2596 videtur
788 2535 972 2615 correptum
999 2532 1035 2595 a'n
1057 2531 1170 2596 bccalto'
1190 2532 1237 2595 ia-

92 2639 176 2705 cebis
199 2662 227 2703 v.
251 2640 316 2704 664
339 2643 372 2704 et
394 2639 477 2704 nibil
499 2660 550 2722 epo
573 2642 608 2703 ia
630 2639 740 2703 bcadto
763 2638 851 2721 dpere
873 2638 951 2703 soleo
976 2661 1003 2703 v.
1029 2639 1106 2720 712,
1130 2637 1186 2702 sed
1210 2637 1237 2702 si

93 2745 172 2831 quid
195 2745 288 2809 video
307 2744 434 2810 videtur
452 2750 590 2811 tantum.
623 2745 698 2810 Non
721 2745 806 2829 quod
829 2744 973 2810 tollenda
997 2767 1066 2810 esse
1091 2744 1237 2829 exempla

93 2856 206 2936 putem
231 2849 394 2938 (quamvis
421 2851 511 2917 facili
538 2852 670 2937 negotio
694 2853 727 2917 in
750 2852 880 2918 illorum
902 2853 1082 2936 posteriore
1105 2851 1236 2934 epo***)

93 2957 267 3045 deleatur):
301 2958 357 3024 sed
385 2958 484 3044 quod,
516 2960 579 3023 nisi
607 2981 679 3024 mea
708 2982 759 3024 me
787 2961 971 3025 coniectura
999 2959 1097 3042 fallit,
1129 2958 1235 3043 ipsam

92 3066 239 3132 ocultus
260 3066 402 3133 formam
426 3066 565 3151 simplici
587 3087 604 3131 c
625 3066 736 3132 littera
759 3072 791 3132 et
814 3068 1056 3153 pronuntiatam
1081 3068 1114 3131 et
1136 3066 1235 3149 scrip-

91 3177 162 3238 tam
186 3174 365 3259 antiquitas
387 3173 549 3259 probavit,
573 3172 842 3258 quemadmodum
865 3175 899 3238 in
922 3175 1043 3258 aperire
1065 3177 1098 3239 et
1121 3174 1236 3256 operire

91 3281 217 3364 verbis,
239 3301 322 3366 quae
346 3302 416 3345 esse
439 3279 621 3364 composita
643 3281 714 3363 ipsa
737 3280 905 3345 notionum
928 3282 1089 3367 oppositio
1114 3281 1236 3365 doceat,

90 3389 173 3453 item
201 3387 320 3452 extrita
347 3390 397 3452 est
424 3409 488 3451 una
516 3387 634 3451 littera.
681 3386 769 3462 Quae
797 3388 980 3452 coniectura
1007 3388 1148 3471 primum
1172 3387 1234 3451 De·

92 3492 213 3557 curtati
232 3493 393 3578 scriptura
413 3492 657 3558 commendatur
675 3497 812 3577 utroque
826 3493 1005 3558 Trinummi
1024 3515 1118 3558 versu
1138 3495 1234 3557 oculto

92 3599 296 3683 exhibentis,
338 3600 441 3666 multo
484 3605 592 3665 autem
635 3600 754 3664 certius
792 3620 829 3663 co
866 3600 1031 3684 firmatur,
1072 3601 1157 3685 quod
1194 3618 1234 3665 ΙΝ

200 3864 225 3932 ⁸)
246 3861 299 3936 [Oi.
317 3865 413 3920 annot.
432 3862 461 3918 in
479 3864 521 3919 ed.
541 3864 604 3936 alt]

182 3970 224 4040 **)
245 3970 341 4041 Γφιόᾱ
355 3966 485 4040 decepisti
501 3972 679 4028 tolerandum
699 3989 760 4028 esse
779 3973 835 4028 iam
854 3973 914 4026 tam
933 3971 1060 4028 intellexi
1073 3990 1136 4028 oum
1150 3972 1233 4029 Most.

92 4065 144 4116 308
168 4062 218 4131 a'pe
241 4055 366 4114 ciccuvnbe
389 4060 474 4127 atque
497 4058 555 4114 alia
577 4059 647 4114 alibi
669 4060 774 4115 similia
796 4060 903 4116 intacta
921 4061 1045 4130 reliqui)
1067 4061 1157 4118 'l'rin2
1192 4062 1233 4118 De

91 4149 209 4218 accepata'
227 4147 317 4203 forma
334 4148 514 4218 improbabili
533 4149 568 4204 cf.
588 4149 661 4203 infra
679 4168 705 4219 p.
726 4150 837 4221 ccxvn]

163 4254 222 4326 m)
248 4255 349 4327 [Versu
374 4261 425 4310 712
454 4258 581 4326 correpta
604 4255 845 4325 antepaenultima
871 4273 906 4311 ne
934 4273 1002 4327 opus
1031 4258 1143 4328 quidem
1173 4275 1232 4315 esse

92 4345 207 4415 (nedum
226 4345 320 4401 deleta
336 4360 383 4415 epo
401 4348 479 4413 voce)
503 4344 673 4399 Ritschclius
695 4344 725 4398 in
744 4345 787 4401 ed.
807 4345 856 4400 alt.
875 4348 985 4415 monet,
1004 4345 1027 4400 si
1045 4346 1171 4402 Reiaium
1190 4364 1233 4403 se-

91 4451 178 4503 quare
198 4434 238 4489 sic
257 4434 434 4489 metientem:
453 4434 506 4488 Nil
524 4449 569 4503 epo
588 4434 619 4487 ia
638 4433 762 4504 domito]
