2962 5032
478 282 559 329 vum
583 280 735 329 wauton
758 280 823 329 lus
846 270 998 329 nocane

341 421 446 487 Quodsi
463 438 545 476 nosse
564 422 659 492 cupis,
678 438 751 492 quae
770 423 807 476 sit
824 423 871 477 via
889 422 1017 492 proxima
1034 420 1121 490 laudi,

396 510 476 565 Vnde
494 510 621 566 homines
639 512 760 581 samam,
778 526 880 566 nemen
900 513 929 567 et
946 513 1024 566 astra
1040 511 1148 580 petant,

340 599 435 654 Ardua
453 599 521 668 quid
540 600 641 669 virtus,
660 599 729 669 quid
746 600 839 656 mollis
858 601 961 656 inertia
978 598 1090 655 suadet:

393 689 438 743 Me
457 689 532 759 lege,
553 694 620 743 tunc
639 688 713 744 votis
732 705 797 745 mox
808 689 926 759 ¹peciere
944 689 1009 745 tuis.

342 1033 383 1081 14.
422 1027 622 1098 Epigramm
641 1029 700 1084 aul
715 1027 793 1085 irini
808 986 956 1099 Dialoge
974 1026 1129 1083 Luciens.

163 1137 233 1204 (Ans
253 1135 295 1190 ‘L.
325 1134 444 1191 Luciani
473 1134 648 1190 Samosateni
675 1135 788 1206 Dialogi
812 1136 860 1204 qui
882 1135 957 1191 infra
980 1134 1085 1205 scripto
1108 1132 1234 1188 carmine
1256 1132 1317 1188 suis

164 1223 323 1279 nominibus
341 1223 518 1294 explicantur
534 1223 571 1278 ed
589 1225 754 1279 comendam
773 1223 899 1295 linguam
919 1227 948 1278 et
966 1222 1096 1278 facundie
1115 1221 1224 1277 cultum
1244 1240 1316 1278 nan·

217 1311 376 1367 eiscendum
397 1312 500 1383 oppido
518 1329 605 1381 quam
623 1311 774 1382 aptissimi‘
796 1311 918 1382 Leipzig,
937 1311 1038 1367 Melch.
1058 1311 1156 1367 Lotter
1177 1318 1259 1383 1513,

582 1401 712 1457 cuidem
731 1401 891 1470 Titelblatt)

545 1526 628 1581 Vitns
646 1525 797 1581 Vnerlerus
814 1525 923 1581 lectori.

271 1652 373 1708 Lucius
392 1651 517 1707 excultos
535 1650 648 1721 placido
667 1667 794 1706 sermone
812 1651 922 1721 lepores

324 1742 455 1811 Explicat
473 1740 501 1795 in
520 1740 607 1796 variis
626 1740 728 1796 cultior
745 1739 806 1810 ipse
825 1740 913 1809 libris,

272 1830 302 1884 ln
321 1830 422 1898 quibus
441 1832 484 1884 cst
503 1829 634 1898 ‘virtus‘,
655 1829 799 1900 ‘Scapha’,
820 1829 948 1900 ‘Scipio’,
967 1830 1007 1884 sic
1027 1828 1211 1898 ‘Palinurus',

325 1918 363 1973 El
380 1918 464 1974 simul
482 1917 614 1974 Herculei
632 1917 746 1974 nomina
764 1918 841 1972 clara
858 1917 956 1991 ducis.¹

272 2007 401 2078 Optimus
419 2010 522 2078 orator,
541 2009 620 2063 vates
639 2006 836 2063 celeberrimus
855 2006 929 2062 idem

325 2095 424 2152 Cetera
442 2099 471 2153 et
489 2097 605 2153 arbitrio
625 2099 717 2153 verset
735 2096 838 2166 ubique
857 2112 915 2152 suo.

269 2187 400 2241 Rusticus
418 2202 448 2241 es
467 2186 612 2256 (quidni‘l),
631 2185 656 2241 si
673 2203 729 2241 non
747 2184 897 2240 virtutibus
915 2186 990 2240 ultro

324 2273 442 2330 Eximiis
461 2276 537 2331 docti
555 2291 748 2331 commovente
767 2274 829 2329 viri.

379 2622 420 2672 15.
452 2615 647 2687 Epigramm
667 2615 727 2671 aui
746 2613 903 2671 Valerius
922 2613 1093 2670 Maximus.

165 2723 233 2788 (Aue
259 2721 377 2776 ‘Valerii
400 2721 517 2776 Maximi
541 2722 614 2777 Civis
633 2721 753 2777 Romani
772 2720 806 2775 de
824 2719 908 2774 iactis
926 2737 959 2775 ac
978 2721 1059 2776 dietis
1078 2721 1313 2777 memorabilibus

166 2809 363 2880 Exemplorum
377 2810 454 2866 Libri
473 2828 573 2866 novem
588 2814 648 2866 tum
663 2814 777 2881 propter
791 2811 848 2866 stili
864 2809 1056 2866 maturitatem
1069 2813 1130 2865 tum
1144 2826 1210 2864 vero
1225 2826 1313 2880 prop·

200 2898 320 2953 territe
339 2899 552 2954 instructionem
571 2899 726 2954 utilissimi’
746 2900 874 2971 Leipzig,
893 2900 994 2956 Melch.
1014 2900 1112 2954 Lotter
1132 2905 1210 2966 1514,
1230 2900 1284 2954 auf

593 2988 657 3042 dem
676 2989 880 3058 Titelblatt*))

492 3112 574 3167 Vltus
594 3112 743 3167 Vnerlerus
761 3113 979 3168 Snltzvelteusis.

305 3236 333 3290 Si
353 3237 396 3291 vis
417 3237 564 3293 candidule
583 3238 713 3293 absoluta
731 3238 820 3293 lector

306 3326 380 3380 Heus
398 3326 503 3397 scripta
520 3327 681 3382 Aeneadum
700 3329 744 3382 tot
762 3330 792 3381 et
809 3326 957 3397 Pelasgum

306 3414 432 3472 Prudens
449 3433 577 3486 noscere,
596 3415 620 3471 si
638 3417 715 3486 pium
734 3416 835 3485 deique

309 3502 422 3560 Cultum
441 3506 549 3576 syderei
568 3523 620 3562 nec
638 3506 799 3561 invenustos

306 3592 396 3650 Mores
414 3594 549 3664 temporis
568 3597 599 3649 at
617 3593 786 3661 vetustioris,

305 3682 417 3738 Clarum
435 3681 565 3738 Romulei
584 3683 668 3737 decus
686 3682 822 3752 triumphi

306 3771 499 3841 Antiquosqne
518 3773 615 3841 duces,
635 3772 739 3827 bonnm
758 3770 916 3837 Camillum,

306 3860 364 3914 Aut
382 3860 465 3915 duros
485 3859 599 3914 Curium
616 3861 703 3916 boves
722 3862 893 3928 sequentem,

305 3947 364 4002 Aut
382 3948 495 4015 Brutos,
515 3947 629 4016 Fabios,
648 3965 726 4004 senes
746 3948 872 4015 Catones,

306 4039 363 4091 Aut
382 4036 467 4091 fortes
487 4035 597 4104 Detios,
615 4039 779 4105 patremque
799 4037 920 4107 [patrem
939 4036 1054 4106 atquel]
1074 4040 1180 4107 natum,

305 4125 363 4178 Aut
381 4124 508 4180 Crassum
528 4124 721 4191 immodicum,
739 4127 832 4180 truces
851 4123 999 4194 Cethegos,

252 4302 279 4371 *l
303 4303 494 4372 [Wiederholt
512 4304 541 4358 in
560 4302 703 4373 Freyteg's
727 4303 898 4374 ‘Adparatus
921 4303 1092 4359 litterarius’
1118 4308 1139 4359 1.
1158 4304 1198 4357 Ill
1217 4305 1305 4375 (Lipe.

165 4394 244 4459 1755)
263 4409 290 4461 p.
310 4392 401 4460 crof,
420 4393 476 4463 vgl.
497 4393 598 4464 Opusc.
617 4394 655 4447 lll
675 4410 701 4463 p.
719 4399 777 4447 114.
815 4393 845 4447 C.
860 4393 918 4462 W.]
