2962 5032
497 333 760 384 anannmronrs
784 333 989 395 enavrmsu.
1246 318 1312 384 525

168 479 245 545 catii
266 477 417 565 Sedigiti,
442 479 477 545 L.
501 481 592 545 Accii
615 480 784 563 exemplis,
811 502 985 564 eorumque
1010 481 1154 546 versibus
1178 480 1312 545 astricta

168 587 316 653 oratione
342 588 511 671 utentium,
535 587 628 652 docui
650 587 816 672 Parergon
834 611 864 671 p.
886 588 1004 672 90sqq.
1029 588 1168 672 238sqq.
1193 588 1312 671 32lsq.

168 694 238 758 coll
254 695 355 777 praef.
370 718 400 778 p.
414 694 523 759 XVII:
548 695 684 760 alteram
703 696 954 777 Antoninorum,
978 718 1041 778 qua
1065 699 1098 759 et
1120 695 1312 760 resuscitata

166 807 242 865 sunt
264 800 416 866 Plautina
440 802 547 867 studia
571 808 604 868 et
627 803 667 867 ad
692 803 894 886 antiquitatis
914 800 1111 886 Naevianae,
1133 800 1312 883 Plautinae,

165 907 334 973 Ennia-uae
358 910 573 974 imitationem
597 909 660 993 ipsi
685 933 718 974 se
738 911 912 993 scriptores
932 914 964 973 et
983 914 1098 993 poetae
1116 913 1204 974 totos
1225 931 1311 973 com·

165 1019 350 1098 posuerunt.
396 1017 504 1100 Atque
537 1017 613 1080 talis
644 1021 707 1100 est,
740 1020 777 1080 ut
808 1017 912 1081 dicam
943 1018 1028 1101 quod
1061 1017 1180 1098 sentio,
1213 1016 1312 1100 prisci

166 1124 324 1187 sermonis
349 1123 499 1188 affectata
523 1123 646 1207 species
669 1123 741 1206 illa,
768 1146 864 1207 quam
895 1129 1085 1208 argumenta
1109 1125 1242 1187 metrica
1264 1124 1312 1187 fa-

166 1230 315 1294 bularum
338 1229 564 1295 Plautinarum
589 1252 666 1314 prae
686 1253 720 1294 se
739 1230 861 1295 ferunt:
886 1230 919 1294 id
945 1230 1030 1314 quod
1051 1254 1116 1295 non
1136 1253 1200 1295 uno
1216 1251 1311 1315 argn-

166 1341 275 1401 mento
303 1337 511 1422 intellegitur.
557 1336 639 1403 Cum
667 1342 775 1402 autern
799 1338 931 1402 illorum
956 1337 1073 1421 duplex
1097 1359 1199 1422 genus
1223 1342 1310 1402 aeta-

165 1448 231 1506 tem
255 1445 378 1508 tulerit:
403 1446 540 1509 alterum
565 1445 830 1528 acrostichorum,
853 1468 934 1529 quae
960 1451 1089 1510 servata
1107 1449 1183 1510 sunt
1202 1445 1312 1509 omnia

166 1549 244 1633 (nisi
272 1552 357 1635 quod
386 1575 486 1616 unum
513 1551 678 1617 intercidit
705 1574 778 1616 cum
805 1552 877 1635 ipso
907 1551 1065 1636 principio
1089 1548 1312 1637 Bacchidum),

166 1658 303 1722 alterum
330 1679 395 1724 non
424 1659 692 1744 acrostichum,
721 1682 859 1744 quorum
887 1659 982 1725 hodie
1012 1657 1153 1744 quinque
1182 1661 1310 1722 tantum

167 1769 355 1849 supersunt,
384 1766 462 1830 olim
490 1770 542 1830 tot
572 1769 651 1849 quot
674 1771 749 1831 sunt
772 1766 901 1830 fabulae
926 1766 1089 1830 exstitisse
1113 1787 1245 1849 prorsus
1270 1764 1312 1829 si·

165 1873 242 1936 mile
261 1873 329 1937 veri
348 1873 448 1958 est*):
472 1873 535 1938 hoo
554 1874 682 1957 quidem
706 1873 867 1957 posterius
890 1895 991 1958 genus
1015 1874 1055 1938 ad
1071 1873 1311 1937 Antoninorum

167 1985 314 2064 tempora
333 2002 370 2044 eo
394 1979 608 2044 confidentius
631 1980 735 2045 refero
760 2004 824 2065 quo
848 1982 952 2065 magis
981 1983 1136 2064 cognatos
1160 1978 1249 2043 lusus
1273 2001 1312 2042 ea

166 2091 255 2150 aetas
284 2087 417 2171 peperit.
463 2084 547 2152 Nam
576 2087 648 2152 vide
676 2088 756 2152 mihi
785 2110 882 2173 quarn
906 2087 1022 2151 similis
1047 2088 1114 2150 eius
1138 2108 1235 2169 opera
1258 2109 1462 2154 ex·cccxv111

166 2193 297 2276 stiterit,
320 2194 375 2278 qui
395 2195 596 2279 singularum
615 2194 759 2259 Terentii
778 2195 962 2260 fabularum
982 2196 1174 2277 argumenta
1196 2192 1311 2257 duode-

164 2299 215 2363 nis
235 2301 370 2365 senariis
389 2323 455 2366 non
475 2302 589 2365 inscite
609 2302 704 2366 factis
723 2301 983 2386 comprehendit:
1008 2322 1104 2384 quam
1123 2299 1201 2381 eius,
1220 2299 1310 2363 cuius

165 2406 199 2469 in
220 2407 370 2470 Aeneidis
394 2408 540 2491 singulos
564 2408 664 2471 libros
688 2412 882 2492 argumenta
906 2407 991 2471 senis
1014 2404 1211 2470 hexametris
1235 2427 1310 2470 eon·
1382 2473 1388 2484 ‚

166 2513 257 2577 clusa
279 2513 312 2577 in
338 2513 539 2599 Anthologia
563 2514 666 2578 latina
689 2513 850 2577 habentur
873 2512 919 2597 Il,
947 2514 1009 2587 194
1032 2511 1158 2596 Burm.‚
1180 2511 1310 2597 Meyero

164 2641 194 2683 u.
219 2619 293 2684 223.
340 2620 448 2705 Atque
476 2620 555 2684 haec
584 2620 713 2705 quidem
744 2621 909 2704 poematia
936 2622 1072 2702 utraque
1100 2641 1167 2684 non
1194 2619 1310 2683 aetatis

165 2730 294 2790 tantum
314 2731 390 2791 sunt
407 2728 512 2811 unius,
532 2727 587 2792 sed
606 2727 748 2790 eiusdem
768 2727 847 2791 adeo
867 2727 1016 2810 hominis,
1036 2723 1170 2810 Sulpicii
1185 2725 1312 2809 Apolli-

166 2834 254 2898 naris
278 2832 564 2918 Carthaginiensis
602 2832 657 2916 Vt,
681 2833 736 2917 qui
760 2832 800 2896 ad
824 2833 908 2897 hunc
932 2833 1037 2917 ipsum
1061 2830 1212 2897 Plautina
1235 2855 1311 2917 quo-

165 2964 226 3025 que
255 2948 446 3026 argumenta
474 2942 594 3005 referat
621 2939 856 3024 quindenorum
884 2962 1036 3004 versuum
1064 2962 1197 3004 numero
1222 2962 1312 3006 exae

166 3048 344 3133 quata**),
380 3050 415 3114 in
450 3053 543 3112 tanta
582 3048 690 3111 Plauti
723 3047 930 3132 Terentiique
966 3046 1210 3130 propinquitate
1246 3069 1312 3111 non

167 3155 348 3219 mehercule
381 3157 491 3238 inepta
523 3155 709 3219 coniectura
742 3158 861 3218 utatur.
916 3153 1031 3217 Paullo
1065 3174 1161 3236 quam
1194 3152 1310 3218 horum

165 3262 360 3345 asperiorem
385 3266 488 3325 artem
507 3262 612 3325 fateor
631 3261 883 3326 acrostichorum
904 3282 987 3324 esse:
1011 3259 1096 3343 quod
1115 3264 1227 3325 tamen
1246 3283 1313 3325 non

166 3371 215 3430 est
248 3390 304 3431 cur
338 3391 354 3434 e
387 3373 569 3451 temporum
603 3367 758 3432 distantia
790 3371 933 3450 repetas,
970 3388 1043 3430 cum
1081 3371 1132 3430 sat
1167 3367 1311 3451 locuples

168 3475 353 3557 asperitatis
383 3498 498 3540 caussa
525 3477 557 3540 in
587 3480 739 3559 promptu
767 3473 846 3537 haee
870 3475 926 3556 sit,
950 3472 1034 3557 quod
1058 3474 1225 3558 negotium
1249 3497 1312 3538 me·
1355 3473 1356 3476 ’

164 3582 266 3647 diceri
290 3587 405 3667 poetae
434 3584 599 3648 exhiberet
627 3605 776 3646 versuum
805 3605 825 3644 a
848 3581 943 3646 certis
971 3578 1089 3644 litteris
1117 3580 1312 3663 incipiendo-

165 3712 236 3753 rum
260 3691 445 3756 necessitas.
494 3691 595 3767 Quem
623 3693 731 3753 autem
761 3689 857 3770 prisci
882 3687 1039 3750 sermonis
1063 3687 1204 3750 colorem
1232 3687 1312 3751 haec

164 3798 347 3862 acrosticha
370 3798 524 3881 produnt,
553 3814 625 3861 enm
650 3818 714 3860 non
740 3798 853 3877 suapte
877 3798 992 3876 sponte
1016 3797 1128 3856 natum
1152 3815 1231 3878 esse,
1255 3795 1310 3858 sed

272 4012 297 4079 *)
321 4013 412 4079 Atque
436 4010 506 4064 adeo
532 4009 611 4077 sexti,
635 4009 709 4078 quod
728 4008 764 4062 ad
783 4007 921 4060 Persam
940 4004 1107 4074 pertinebat,
1126 4005 1219 4059 lacera
1237 4006 1310 4075 trag·

166 4102 262 4154 menta
287 4101 425 4169 quaedam
450 4099 479 4153 in
507 4098 677 4153 membranis
701 4095 893 4151 Ambrosianis
918 4110 1061 4162 superesse
1090 4094 1147 4149 iam
1170 4095 1310 4164 Parergon

186 4231 191 4242 .
212 4195 262 4243 297
284 4189 400 4244 ostendi.

164 4207 183 4258 p
254 4279 296 4347 **)
316 4279 393 4343 Quae
417 4277 590 4333 concinnitas
614 4295 678 4332 cum
700 4276 784 4344 plane
808 4274 931 4329 dubitari
953 4274 1076 4341 nequeat
1093 4270 1161 4339 quin
1180 4274 1311 4326 constans

164 4368 295 4422 fueritin
314 4368 451 4434 omnibus,
470 4367 553 4421 facile
571 4365 746 4435 intellegitur
765 4365 794 4419 in
809 4362 1022 4433 Amphitmonis
1038 4362 1214 4431 argumento,
1233 4359 1311 4414 cuius

164 4459 247 4512 hodie
268 4458 362 4511 decem
383 4459 492 4510 tantum
512 4455 644 4520 feruntur,
664 4456 786 4524 quinque
805 4471 900 4508 versus
919 4449 1102 4513 intercidisse,
