2962 5032
455 364 753 418 oniroosrrounu
776 370 848 417 uun
872 354 1080 419 inimicans.
1274 353 1338 418 723

335 580 371 670 x)
394 581 449 649 Im
472 582 712 650 Prooemium
734 585 799 649 des
824 581 1085 650 Sommersem.
1111 583 1195 649 1863
1253 566 1264 582 ⁰

476 722 617 811 (priseae
640 727 732 791 latin.
756 727 856 811 epigr.
880 729 984 812 suppl.
1006 726 1064 814 ΙΙ).

285 864 349 930 Sed
371 870 499 952 tempus
523 872 573 932 est
596 889 615 932 a
638 869 822 933 litterarum
846 869 990 934 exilitate
1013 870 1151 934 transire
1171 868 1337 934 adrerum

161 972 401 1057 gravitatem.
447 973 650 1058 Quamquam
680 996 737 1039 eae
768 975 859 1058 ipsae
890 997 957 1058 res,
990 976 1018 1039 si
1047 996 1159 1039 verum
1189 977 1337 1042 volumus

162 1077 306 1164 fateri,
327 1083 360 1144 et
382 1080 631 1165 proficiscuntur
654 1080 815 1144 alitteris
840 1084 873 1145 et
896 1080 937 1146 od
961 1080 1089 1146 eosdem
1112 1102 1179 1145 non
1202 1087 1339 1165 possunt

167 1204 261 1249 lion
294 1185 507 1250 multifariam
538 1185 655 1250 redire:
688 1187 816 1271 quando
847 1187 965 1253 litteris
996 1209 1103 1253 cerere
1130 1189 1256 1253 litterae
1284 1210 1337 1252 ne·

174 1296 334 1376 queunt,
362 1290 413 1356 vel
437 1296 473 1355 ut
496 1291 625 1376 planius
648 1293 767 1376 dicam,
791 1298 860 1358 arte
884 1296 1096 1378 grammatica
1118 1317 1171 1359 ars
1194 1294 1337 1379 discipli·

175 1419 320 1463 norum.
357 1395 483 1460 Harum
511 1402 619 1462 autem
647 1398 902 1484 disciplinarum,
925 1401 1042 1484 quibus
1067 1405 1099 1465 et
1121 1405 1262 1465 mentem
1286 1423 1338 1464 ex·

182 1504 333 1569 erceatis
356 1506 390 1567 et
412 1504 567 1569 excolatis
591 1504 748 1590 animum,
776 1505 837 1570 hos
860 1507 925 1571 iam
953 1506 1073 1572 indices
1102 1507 1239 1590 occipite
1268 1506 1338 1590 qui·

191 1611 259 1675 bus
283 1609 464 1675 studiorum
487 1611 684 1676 aestivorum
709 1611 845 1677 ducibus
868 1611 1013 1676 utamini.
1059 1610 1204 1677 Vtemini
1230 1618 1336 1678 autern

191 1716 253 1800 ito,
272 1717 301 1781 si
320 1715 397 1800 quid
414 1719 529 1781 nostru
548 1715 633 1800 opud
652 1738 709 1781 vos
728 1717 905 1782 auctoritas
926 1717 1021 1800 volet,
1044 1723 1080 1782 ut
1098 1718 1339 1803 propositarum

195 1821 382 1888 scholarum
410 1823 542 1888 ubertas
572 1822 698 1887 animos
721 1827 848 1888 vestros
870 1846 937 1889 non
958 1828 1087 1890 tantum
1110 1824 1243 1889 adliciat
1265 1847 1336 1890 cum

196 1929 367 2013 suavitate,
390 1928 446 1993 sed
469 1950 542 1994 cum
566 1929 673 1994 fructu
696 1929 848 1995 detineat.
893 1929 1020 1995 Valete.

688 2125 846 2134 ——.--——.

307 2245 345 2335 y)
368 2247 421 2312 lm
445 2247 689 2313 Prooemium
712 2248 777 2313 des
802 2248 1044 2314 Wintersem.
1071 2248 1219 2332 1863s64

467 2389 606 2475 (priscae
627 2390 718 2455 latin.
742 2390 842 2475 epigr.
866 2391 972 2477 suppl.
995 2390 1068 2477 III).

287 2531 380 2610 Quod
412 2535 570 2615 superest,
602 2532 689 2596 infre
721 2533 901 2616 positorum
931 2534 1113 2599 scholarum
1144 2533 1270 2617 copiam
1301 2555 1339 2599 ae

197 2746 360 2828 volumus,
388 2742 580 2808 industriam
604 2748 714 2808 autem
738 2749 879 2809 vestram
903 2744 995 2810 Bono
1020 2745 1168 2811 Eventui.
1216 2745 1340 2813 Valele.

689 2942 847 2950 ——-——--·

337 3061 368 3175 a)
392 3063 448 3129 Im
471 3063 712 3131 Prooemium
735 3064 801 3131 des
826 3065 1087 3132 Sommersem.
1112 3069 1196 3133 1864

469 3205 606 3292 (priseae
630 3208 721 3272 latin.
744 3208 846 3294 epigr.
869 3208 974 3292 suppl.
997 3208 1068 3295 IV).

286 3349 391 3415 Novis
412 3348 604 3433 quibusdam
625 3350 780 3434 exemplis
800 3349 967 3434 didicistis,
986 3351 1222 3417 commilitones
1241 3354 1339 3418 eans-

196 3456 291 3541 simi,
321 3477 416 3540 quem
448 3477 522 3520 vere
545 3456 669 3520 dicatur
692 3459 772 3521 diem
794 3457 844 3548 die
865 3458 965 3519 doceri
986 3479 1109 3542 nosque
1132 3458 1220 3540 ipsos
1241 3458 1338 3537 γηρά-

196 3584 284 3628 (κειν
312 3563 373 3627 αἰεὶ
400 3563 509 3627 πολλὰ
532 3566 786 3642 διδαεκομένουε.
832 3561 925 3637 Quod
948 3567 1056 3627 tamen
1080 3565 1128 3628 ito
1150 3563 1340 3649 interpreta-

196 3669 328 3752 bimini,
350 3673 388 3733 ut
411 3691 524 3752 parum
548 3670 655 3733 valere
678 3669 737 3732 illu
759 3669 867 3733 πολλὰ
890 3670 1117 3752 recordemini,
1148 3670 1212 3732 nisi
1234 3670 1267 3733 in
1292 3671 1338 3734 eis

194 3777 238 3842 τὸ
261 3779 344 3841 πολὺ
368 3778 453 3840 insit.
491 3775 581 3862 Ergo
605 3799 643 3839 ex
667 3776 728 3840 hac
751 3798 887 3860 quoque,
911 3798 1007 3860 quom
1030 3776 1117 3839 infra
1139 3776 1339 3859 propositum

195 3883 325 3965 videtis,
348 3883 522 3966 multiplici
542 3883 699 3947 verietate
719 3882 898 3947 studiorum
916 3883 1161 3965 litterarumque
1185 3882 1339 3946 curabitis

195 3993 239 4054 ut
256 3988 407 4074 prudenti
428 3990 562 4054 consilio
582 4011 725 4073 sanoque
744 3993 1000 4072 temperamento
1019 4009 1057 4050 eu
1076 3986 1237 4072 deligatis,
1259 4008 1340 4070 quae

194 4096 233 4162 in
261 4095 384 4160 solidae
414 4095 573 4178 certisque
602 4095 720 4159 finibus
750 4094 1011 4178 circumscriptae
1041 4093 1230 4177 disciplinae
1258 4098 1341 4158 tum·

196 4222 296 4286 quum
321 4201 482 4285 quoddam
508 4223 623 4284 corpus
648 4205 772 4284 coeant,
794 4221 874 4264 neve
893 4200 1075 4264 multisciee
1098 4201 1234 4264 notitiae
1257 4220 1340 4284 vago

195 4309 345 4393 appetitu
369 4329 478 4372 veram
503 4308 745 4393 simplicemque
770 4307 939 4371 scientiam
963 4307 1183 4391 praesentatis.
1215 4306 1339 4371 Volete.

626 4521 916 4532 ...ψ-

1075 4550 1130 4606 46⁸
