2962 5032
493 250 755 300 ausunurrours
779 250 988 300 curvamus.
1246 234 1312 299 445

168 396 313 462 evadere.
358 397 416 462 Eis
444 397 546 481 igitur
574 396 735 480 augustiis
764 400 800 460 ut
828 418 862 460 se
891 396 1092 479 expedirent,
1120 417 1193 459 cum
1217 396 1311 460 alter·

168 509 276 569 utram
300 505 461 570 rationem
484 508 650 588 oporteret
672 504 855 588 paullulum
879 486 990 567 cedere
1014 502 1118 586 alteri,
1142 522 1312 586 praeroga-

169 612 270 676 tivam
301 611 432 696 quidem
465 633 592 697 semper
624 612 795 697 voluerunt
827 610 1021 695 quantitatis
1054 631 1138 693 esse,
1171 608 1210 673 ad
1243 610 1418 675 eiusccvur

170 723 277 783 autem
296 719 515 783 constantiam
534 723 684 783 accentus
705 719 963 783 observationem
986 717 1172 781 modicam
1191 738 1313 783 accom-

170 825 349 890 modarnnt.

257 932 417 1017 Exemplo
441 955 508 997 rem
534 933 714 997 declarabo.
761 930 847 996 Nam
870 955 943 997 cum
967 932 1049 996 ratio
1074 931 1180 996 omnis
1204 953 1313 995 accen·

171 1043 221 1103 tus
242 1039 336 1104 latini
355 1040 479 1105 duabus
499 1040 625 1126 legibus
645 1039 876 1124 principalibus
896 1039 947 1102 his
966 1039 1182 1103 contineatur:
1202 1038 1314 1120 altera,

171 1149 205 1209 ut
232 1168 315 1230 quae
349 1147 507 1211 vocabula
536 1134 820 1230 hyperdisyllaba⁰
835 1145 1067 1228 paenultimam
1096 1145 1225 1229 longam
1256 1143 1312 1208 ha-

170 1252 267 1316 beant
290 1256 495 1336 paroxytona
519 1252 598 1335 sint,
621 1274 703 1336 quae
727 1252 872 1333 brevem,
896 1256 1173 1335 proparoxytcna:
1202 1251 1313 1332 altera,

171 1364 206 1422 ut
229 1358 345 1422 ultima
368 1359 496 1443 syllaba
519 1359 690 1424 verborum
714 1358 995 1443 polysyllaborum
1023 1357 1241 1442 quorumlibet
1264 1379 1313 1421 ac·

170 1469 306 1547 centum,
326 1469 363 1529 ut
381 1466 414 1528 in
435 1465 548 1551 lingua
565 1465 737 1550 barytona,
754 1486 931 1548 numquam
947 1464 1095 1547 recipiat:
1115 1485 1312 1548 consequens

170 1570 231 1635 luit
254 1577 304 1656 ut,
339 1571 425 1656 quod
449 1572 488 1637 ad
513 1577 680 1637 accentum
703 1573 835 1653 attinet,
866 1593 941 1636 vere
969 1571 1150 1636 iambicis
1179 1571 1313 1635 vocibus

169 1678 339 1762 bisyllabis
362 1676 421 1764 (vt
440 1679 568 1745 etitem
587 1677 645 1765 νύ)
666 1680 798 1745 omnino
823 1683 948 1744 careret
970 1678 1074 1743 latina
1097 1677 1218 1763 lingua.
1248 1676 1313 1740 Ita-

168 1805 230 1868 que
253 1783 316 1848 hoc
335 1785 486 1850 licentiae
505 1790 630 1850 veteres
655 1785 703 1849 illi
728 1786 790 1850 sibi
814 1789 1023 1870 sumpserunt
1045 1788 1173 1869 praeter
1197 1788 1313 1868 cetera,

168 1895 204 1954 ut
236 1890 475 1975 bisyllaborum
509 1892 759 1971 vocabulorum,
792 1913 929 1975 quorum
963 1893 1071 1957 brevis
1103 1891 1313 1976 paenultima,

168 2017 382 2081 permagnam
418 1997 660 2063 multitudinem
697 2021 761 2062 non
800 2000 846 2063 sic
879 2000 1128 2082 pronuntiarent
1161 2008 1218 2082 est,
1255 1998 1311 2061 sed

168 2108 283 2168 contra
314 2108 412 2188 atque
442 2105 494 2169 lex
526 2110 676 2169 accentus
706 2105 908 2189 postulabat,
942 2108 1093 2168 acuerent
1123 2105 1155 2167 iu
1187 2104 1312 2186 ultima,

165 2211 250 2274 uidet
270 2208 427 2298 uideam
474 2209 567 2287 Quod
589 2211 652 2274 nisi
676 2212 723 2274 ita
745 2212 972 2295 instituissent,
995 2234 1035 2275 ne
1058 2233 1158 2275 unum
1183 2212 1312 2294 quidem

166 2317 330 2381 senarium
354 2316 457 2382 lacere
481 2317 665 2400 potuissent
694 2317 772 2401 quin
796 2340 869 2381 eum
893 2318 945 2380 vel
970 2317 1193 2400 monosyllabo
1219 2340 1311 2383 voca-

167 2424 244 2488 bulo
267 2423 480 2488 terminarent
503 2423 555 2488 vel
578 2422 841 2508 hyperdisyllabo
865 2425 950 2508 quod
974 2425 1009 2488 in
1032 2424 1196 2507 dactylum
1220 2426 1310 2488 creti·

165 2551 280 2594 cumve
304 2528 474 2594 desineret.
520 2528 673 2594 Admisso
697 2535 805 2594 autem
829 2531 862 2594 in
891 2531 1039 2594 senarii
1064 2531 1207 2596 exitum
1231 2531 1311 2594 iam·

165 2636 240 2700 bico
259 2635 418 2702 vocabulo
441 2657 552 2699 rursus
575 2637 645 2720 pari
670 2637 805 2720 penuria
828 2640 925 2720 etque
948 2638 1051 2701 multo
1070 2637 1169 2701 etiam
1190 2633 1311 2701 maiore
1326 2660 1398 2701 ocur
1424 2667 1430 2680 ·

164 2743 333 2826 proximus
363 2745 437 2808 ante
469 2745 595 2806 sextum
625 2742 739 2826 pedem
771 2743 862 2808 locus
893 2743 1112 2827 premebatur:
1148 2765 1188 2808 ne
1212 2743 1312 2828 igitur

165 2849 242 2913 hinc
265 2855 372 2913 cetera
395 2852 525 2931 praeter
548 2848 773 2933 monosyllaba
796 2854 829 2913 et
852 2849 972 2913 cretica
996 2852 1028 2913 et
1051 2854 1139 2914 certa
1161 2836 1312 2934 hyperdi·

165 2956 297 3039 syllaba
319 2956 477 3020 vocabula
499 2955 743 3020 excluderentur
766 2957 888 3040 omnia,
916 2979 954 3020 er
983 2956 1114 3020 ultimi
1140 2947 1252 3039 pedis
1277 2955 1313 3019 li·

164 3064 274 3129 centia
291 3063 523 3127 consectariam
544 3084 613 3126 esse
632 3062 715 3126 hanc
735 3063 872 3127 alteram
891 3062 1071 3146 voluerunt,
1094 3067 1131 3127 ut
1150 3064 1183 3127 in
1202 3084 1312 3146 paen-

166 3169 309 3234 ultimo
333 3170 404 3234 loco
428 3192 494 3234 non
518 3169 613 3234 modo
637 3170 714 3233 item
742 3152 895 3254 iambicis,
920 3170 974 3233 sed
1002 3171 1100 3235 etiam
1128 3169 1313 3253 spondiaca,

165 3277 388 3360 anapaestica,
420 3275 655 3357 choriambica‚
687 3277 875 3360 molossica,
908 3278 1013 3342 ionica
1044 3277 1202 3341 vocabula
1233 3274 1313 3360 (una

272 3557 299 3626 ⁸)
328 3555 412 3611 Cuius
441 3558 481 3612 rei
507 3574 634 3613 caussam
659 3557 726 3613 licet
751 3558 837 3613 etiarn
862 3558 947 3613 altine
973 3561 1107 3629 repetere.
1140 3558 1222 3611 vNam
1248 3574 1311 3612 cnm

167 3645 299 3700 cretica
317 3644 456 3701 vocabula
474 3646 580 3714 omnia,
600 3647 678 3701 cuius
697 3647 726 3701 in
745 3647 856 3717 vulgari
874 3648 1101 3717 pronuntiatione
1121 3664 1192 3701 unus
1210 3646 1312 3716 princi-

167 3733 240 3804 palis
258 3736 391 3790 accentus
410 3733 456 3790 hic
475 3738 519 3789 eet
536 3757 553 3788 a
567 3762 586 3788 υ
600 3780 628 3805 -,
649 3737 677 3790 in
696 3736 832 3792 iambicos
850 3738 1065 3806 trochaicosqne
1080 3754 1176 3803 verena
1194 3753 1228 3791 ne
1248 3752 1311 3805 pos·

168 3828 231 3878 sent
254 3823 365 3892 quidem
392 3824 474 3879 aliter
496 3826 550 3880 nisi
570 3825 609 3879 sic
628 3826 731 3879 intrare
750 3829 782 3879 ut
801 3825 884 3879 simul
902 3827 1004 3880 ultima
1023 3825 1145 3894 syllaba,
1173 3826 1251 3879 cuius
1270 3842 1310 3879 se·

168 3912 314 3967 cundariue
336 3915 446 3967 tantum
471 3916 601 3968 accentus
624 3915 753 3982 qnidam,
777 3916 829 3968 sub
853 3915 936 3968 araim
964 3914 1077 3968 caderet
1099 3912 1186 3982 priori
1209 3912 1266 3966 arai
1285 3915 1311 3966 vi

168 4018 280 4070 prorsus
298 4017 394 4070 parem
413 4021 431 4054 a
444 4027 463 4054 o
476 4022 510 4054 r:
538 4001 567 4055 in
592 4003 673 4056 tanta
691 4002 790 4057 horum
811 4001 992 4057 multitudine
1010 4019 1067 4056 non
1085 4003 1239 4071 potuerunt
1255 4019 1311 4056 non

168 4107 248 4145 aures
267 4091 351 4160 plane
370 4106 529 4144 assuescere
548 4106 582 4144 ea
600 4090 721 4159 ratione,
741 4108 797 4159 qua
815 4091 929 4146 brevem
947 4091 1150 4161 paenultimam
1170 4089 1311 4161 excipiens

168 4179 253 4250 longa
270 4180 372 4234 ultima
391 4179 538 4232 accentum
556 4178 696 4248 reciperet
714 4183 826 4248 praeter
844 4179 999 4249 legitimam
1016 4178 1245 4233 consuetudinem
1260 4177 1311 4231 lin-

167 4285 246 4339 guae.
284 4268 357 4322 Hinc
379 4269 479 4340 igitur,
506 4286 590 4337 quam
614 4267 706 4323 facilis
735 4269 813 4324 velut
835 4286 852 4324 a
870 4271 999 4337 peruidit
1017 4269 1154 4338 perfidam
1178 4269 1311 4323 transitus

166 4357 245 4413 fieret
263 4357 300 4412 ad
318 4359 394 4412 aida
411 4359 499 4426 fidens,
518 4358 547 4412 et
565 4356 734 4427 perspicitur
752 4360 781 4412 et
799 4358 917 4413 sentitur
937 4357 1080 4414 facillime.
