2962 5032
491 357 755 407 nununnrrorus
778 358 988 408 rnsvrrusu.
1248 341 1313 407 297

256 501 287 568 H
316 525 420 568 meus
448 505 512 588 est,
544 502 694 568 undecim
722 501 839 568 abhinc
868 524 971 568 annos
995 506 1123 587 emptus
1147 526 1167 567 a
1189 502 1314 568 Molino

164 608 359 675 Florentino
380 608 514 674 librario
539 613 572 674 et
594 610 791 693 antiquario:
816 609 1005 675 chartaceus
1025 610 1144 676 saeculi
1154 607 1226 693 XV,
1248 609 1313 675 for·

164 739 240 782 mae
269 716 431 782 maximae
459 717 515 782 aed
550 716 696 783 modicae
730 738 912 800 mensurae,
957 717 1112 783 foliorum
1150 734 1315 800 ccnxxw,

169 846 310 911 quorum
331 845 433 888 unum
456 823 542 888 inter
564 823 751 889 Asinariam
775 828 807 889 ct
829 824 1050 910 Aululariam,
1078 825 1140 889 duo
1169 827 1201 888 et
1224 823 1314 887 dimi·

172 931 263 995 dium
290 930 375 995 inter
398 930 568 1015 Epidicum
593 934 626 995 et
650 930 825 996 Bacchides
848 932 1008 1016 scriptura
1031 935 1164 1014 vacant,
1196 953 1216 995 a
1248 931 1312 995 sin-

170 1039 322 1124 gularum
362 1038 555 1123 paginarum
587 1039 735 1102 versibus
769 1056 856 1102 xxxl
890 1039 929 1103 ad
962 1057 1100 1104 xxxvm
1136 1038 1313 1123 procedens

168 1145 262 1210 nulla
297 1144 488 1210 constantia.
542 1144 582 1209 In
618 1145 804 1229 praemissis
843 1144 1012 1210 chartaceo
1051 1146 1153 1211 codici
1190 1146 1315 1229 aliquot

168 1252 368 1317 membranis
391 1274 465 1317 cum
488 1255 639 1335 excerpta
663 1251 812 1318 ePlanto
836 1253 995 1336 quaedam
1018 1258 1087 1318 tum
1107 1253 1202 1318 index
1221 1251 1314 1316 fabu-

168 1360 274 1424 larum
297 1362 368 1423 tum
391 1357 472 1423 haec
494 1359 660 1443 leguntur:
704 1357 905 1444 ‘Sebastianj
930 1360 1100 1445 Beniuieuj
1126 1360 1149 1424 te
1173 1358 1314 1445 amico2l.

168 1467 247 1544 Quis
268 1488 341 1531 eum
364 1468 456 1531 tenet
478 1465 537 1530 sub
562 1487 645 1549 pena
673 1467 1013 1533 excommunicationis
1032 1466 1159 1552 papalis
1178 1463 1313 1529 reddat?

166 1573 372 1640 Posteriores
394 1572 522 1637 fabulae
541 1572 604 1637 XII
628 1573 768 1638 secunda
790 1596 905 1639 manus
928 1578 1025 1639 tanta
1048 1573 1221 1638 sedulitate
1245 1594 1314 1637 cor·

167 1683 267 1764 rexit,
294 1684 332 1745 ut
359 1680 421 1745 hac
449 1680 482 1744 in
505 1685 597 1765 parte
620 1703 752 1765 prorsus
776 1703 834 1765 pro
860 1681 983 1746 duobus
1007 1681 1170 1747 codicibus
1193 1679 1314 1745 haben·

168 1789 225 1854 dus
250 1789 303 1854 sit
345 1787 489 1852 Primam
512 1787 613 1872 igitur
636 1792 669 1852 et
692 1788 865 1853 secundam
889 1810 1019 1852 manum
1044 1789 1078 1853 in
1102 1787 1313 1854 annotatione

170 1918 243 1960 mea
266 1894 386 1960 additis
409 1913 430 1958 a
453 1898 486 1959 et
508 1893 532 1959 b
555 1894 688 1976 litteris,
721 1897 758 1959 ut
781 1895 871 1960 soleo
894 1895 991 1959 etiam
1015 1896 1048 1960 in
1071 1895 1203 1979 reliquis
1227 1893 1312 1958 codi-

172 2003 279 2086 cibus,
312 2000 531 2066 diseriminavi
554 2022 654 2086 usque
679 2000 720 2066 ad
744 2001 884 2066 mediam
907 2023 1056 2067 scaenam
1080 2019 1117 2066 lv
1151 2005 1242 2066 aetus
1265 1999 1313 2064 II:

170 2110 244 2175 hinc
267 2109 307 2173 de
331 2108 471 2175 secunda
494 2130 591 2173 manu
614 2112 747 2192 propter
766 2130 820 2173 eas
840 2130 922 2192 quae
941 2108 1027 2173 infra
1045 2109 1202 2192 patefient
1221 2128 1313 2172 caus-

170 2240 220 2283 sas
245 2216 433 2301 plerumque
456 2237 590 2299 prorsus
613 2217 709 2281 tacui.
755 2215 916 2280 Versuum
938 2215 1104 2281 distinctio
1128 2214 1239 2279 eadem
1264 2218 1313 2279 est
1327 2232 1428 2274 xxxrv

169 2346 249 2410 quae
272 2325 307 2388 in
330 2320 390 2390 01)
412 2326 445 2387 et
468 2323 584 2389 ceteris
607 2326 737 2407 praeter
758 2323 792 2387 B
815 2323 908 2389 libris
932 2323 1093 2388 omnibus.

257 2482 287 2548 F
310 2482 530 2566 Lipsiensis
554 2481 781 2566 bybliothecae
800 2482 990 2567 senatoriae,
1012 2483 1136 2549 formae
1154 2483 1314 2548 maximae

175 2591 227 2659 sed
250 2590 397 2655 modicae
421 2610 604 2673 mensurae,
636 2589 671 2653 in
695 2605 836 2655 cccxuu
859 2589 1070 2675 membranis,
1102 2612 1237 2675 quarum
1260 2611 1314 2673 pa·

172 2698 266 2782 ginae
295 2713 422 2761 xxvssn
452 2716 601 2759 versuum
634 2701 723 2781 sunt,
751 2694 946 2760 nitidissime
978 2697 1106 2761 saeculo
1129 2696 1191 2761 XV
1216 2696 1313 2779 scrip·

173 2808 222 2869 tas
245 2803 374 2868 fabulas
396 2801 457 2866 XX
481 2802 711 2887 complectens:
749 2803 877 2869 saeculo
900 2802 978 2869 XVI
1002 2804 1035 2868 in
1060 2802 1219 2887 Hispania
1242 2823 1314 2886 pos·

171 2933 276 2976 sessus
300 2908 342 2974 ab
364 2908 568 2994 Hieronymo
593 2908 702 2976 Surita
725 2908 1037 2996 Caesaraugustam,
1060 2913 1173 2994 postea
1196 2909 1236 2973 ad
1250 2906 1314 2973 Ba-

171 3021 264 3083 tavos
293 3016 402 3101 aliquo
429 3039 507 3082 casn
536 3016 677 3101 delatus,
710 3039 792 3083 anno
823 3021 931 3083 autem
959 3035 1246 3100 moloccxxxvlu,
1279 3019 1316 3080 ut

171 3128 311 3190 testatus
336 3127 386 3188 est
408 3123 453 3187 Ic.
476 3122 563 3188 Frid.
583 3121 754 3203 Christius
778 3123 908 3189 ‘hastae
932 3124 1107 3209 Lipsiensis
1131 3123 1314 3189 academiae

170 3232 252 3298 inter
284 3229 444 3296 Sellianos
467 3229 579 3295 ‘libros
612 3230 775 3310 subiectus
809 3233 841 3294 ct
862 3228 992 3319 'Ouriali
1021 3231 1238 3296 bibliothecae
1266 3253 1314 3295 re-

172 3335 342 3423 demptus.'
389 3336 574 3422 Aliquando
598 3339 675 3421 post
697 3336 933 3421 Hieronymum
954 3336 1095 3402 Suritam
1119 3337 1221 3402 fuisse
1244 3336 1313 3402 Fri-

170 3445 268 3510 derici
297 3443 441 3529 Adolphi
467 3442 614 3508 Hanscm
647 3444 688 3509 ab
718 3443 907 3509 Ehrencron
939 3443 1079 3510 traditur
1112 3467 1132 3509 a
1164 3443 1313 3509 Fabricio

168 3552 253 3618 Bibl.
285 3552 343 3617 lat.
374 3576 405 3638 p.
430 3551 471 3616 27
506 3549 582 3614 Hrn.
637 3549 687 3614 llo
719 3549 926 3616 Hermannus
959 3574 1036 3616 usus
1069 3551 1104 3614 iu
1133 3550 1313 3615 Elementis

172 3659 337 3725 doctrinae
360 3658 527 3723 metricae:
551 3656 723 3721 collatione
747 3653 923 3720 sOhristio
947 3656 1042 3740 facta,
1066 3679 1147 3740 quae
1170 3654 1314 3720 Dresdae

151 3768 331 3848 servatur,
363 3761 610 3827 Lindemannns.
656 3759 803 3826 Breviter
831 3760 870 3826 de
894 3782 931 3826 eo
961 3761 1027 3826 dixi
1050 3761 1089 3827 de
1112 3763 1187 3827 crisi
1210 3762 1315 3828 Plaut.

167 3896 198 3956 p.
225 3872 288 3936 172
304 3894 351 3955 sq.
376 3871 432 3952 [=
446 3866 563 3951 Opuec.
586 3866 666 3951 phil.
689 3867 721 3931 Il
746 3890 776 3952 p.
800 3868 842 3932 23
858 3871 929 3954 sq.].

259 4027 289 4096 t}
322 4030 532 4096 Vaticanus
568 4027 652 4093 1629
687 4027 871 4093 fabularum
904 4029 1036 4115 viginti,
1075 4029 1314 4112 antiquioribus

167 4139 311 4204 numeris
332 4138 397 4203 790
415 4141 449 4202 et
470 4136 554 4203 1889
573 4139 721 4220 notetus,
745 4137 872 4201 saeculo
892 4136 953 4202 XV
969 4136 1108 4220 scriptus
1127 4136 1162 4200 in
1185 4151 1314 4201 cccxul

169 4244 366 4310 membranis
399 4245 523 4311 formae
556 4242 729 4325 maximae,
765 4265 916 4308 versuum
948 4245 982 4307 in
1015 4243 1152 4328 singulis
1185 4244 1313 4328 paginis

168 4370 268 4436 xm,
299 4352 334 4416 in
365 4351 556 4417 Trinummo
586 4350 845 4436 Truculentoque
882 4352 1008 4436 aliquot
1035 4349 1115 4415 folia
1143 4371 1313 4436 perperam

168 4458 305 4523 traiecta
336 4457 471 4523 habens.
517 4456 556 4522 In
587 4457 651 4523 fine
684 4456 804 4544 legitur
837 4457 950 4523 ‘Liber
985 4457 1112 4524 Poacll
1148 4459 1313 4524 secretarii
