<?xml version="1.0" encoding="UTF-8"?>
<!DOCTYPE html PUBLIC "-//W3C//DTD XHTML 1.0 Transitional//EN"
    "http://www.w3.org/TR/xhtml1/DTD/xhtml1-transitional.dtd">
<html xmlns="http://www.w3.org/1999/xhtml" xml:lang="en" lang="en">
 <head>
  <title>
</title>
<meta http-equiv="Content-Type" content="text/html;charset=utf-8" />
  <meta name='ocr-system' content='tesseract 3.04.00' />
  <meta name='ocr-capabilities' content='ocr_page ocr_carea ocr_par ocr_line ocrx_word'/>
</head>
<body>
  <div class='ocr_page' id='page_1' title='image "./fridericiritsch02wachgoog_0356.png"; bbox 0 0 2962 5032; ppageno 0'>
   <div class='ocr_carea' id='block_1_1' title="bbox 493 187 1310 265">
    <p class='ocr_par' dir='ltr' id='par_1_1' title="bbox 493 187 1310 265">
     <span class='ocr_line' id='line_1_1' title="bbox 493 187 1310 265; baseline -0.006 0"><span class='ocrx_word' id='word_1_1' title='bbox 493 212 758 265; x_wconf 74' lang='lat' dir='ltr'>uuauomorus</span> <span class='ocrx_word' id='word_1_2' title='bbox 781 216 988 264; x_wconf 76' lang='lat' dir='ltr'>PLAVTINAE.</span> <span class='ocrx_word' id='word_1_3' title='bbox 1247 187 1310 261; x_wconf 70' lang='lat'>337</span> 
     </span>
    </p>
   </div>
   <div class='ocr_carea' id='block_1_2' title="bbox 107 359 1428 3433">
    <p class='ocr_par' dir='ltr' id='par_1_2' title="bbox 107 359 1428 3433">
     <span class='ocr_line' id='line_1_2' title="bbox 164 359 1311 447; baseline -0.003 -20"><span class='ocrx_word' id='word_1_4' title='bbox 164 383 243 428; x_wconf 74' lang='lat' dir='ltr'>esse</span> <span class='ocrx_word' id='word_1_5' title='bbox 266 363 324 447; x_wconf 92' lang='lat' dir='ltr'>qui</span> <span class='ocrx_word' id='word_1_6' title='bbox 346 360 448 427; x_wconf 85' lang='lat' dir='ltr'>violet</span> <span class='ocrx_word' id='word_1_7' title='bbox 471 362 721 444; x_wconf 85' lang='lat' dir='ltr'>contaminetve,</span> <span class='ocrx_word' id='word_1_8' title='bbox 744 382 810 425; x_wconf 89' lang='lat' dir='ltr'>non</span> <span class='ocrx_word' id='word_1_9' title='bbox 833 365 956 446; x_wconf 83' lang='lat' dir='ltr'>negant</span> <span class='ocrx_word' id='word_1_10' title='bbox 978 360 1042 425; x_wconf 91' lang='lat' dir='ltr'>nisi</span> <span class='ocrx_word' id='word_1_11' title='bbox 1062 360 1117 445; x_wconf 94' lang='lat' dir='ltr'>qui</span> <span class='ocrx_word' id='word_1_12' title='bbox 1135 359 1311 442; x_wconf 88' lang='lat' dir='ltr'>desipiunt:</span> 
     </span>
     <span class='ocr_line' id='line_1_3' title="bbox 164 465 1312 553; baseline -0.002 -20"><span class='ocrx_word' id='word_1_13' title='bbox 164 469 320 553; x_wconf 78' lang='lat' dir='ltr'>argutius</span> <span class='ocrx_word' id='word_1_14' title='bbox 343 471 395 532; x_wconf 88' lang='lat' dir='ltr'>est</span> <span class='ocrx_word' id='word_1_15' title='bbox 412 465 610 531; x_wconf 87' lang='lat' dir='ltr'>Bothianum</span> <span class='ocrx_word' id='word_1_16' title='bbox 629 466 754 532; x_wconf 78' lang='lat' dir='ltr'>bouario</span> <span class='ocrx_word' id='word_1_17' title='bbox 771 469 907 532; x_wconf 82' lang='lat' dir='ltr'>ueudaa:</span> <span class='ocrx_word' id='word_1_18' title='bbox 931 469 965 532; x_wconf 91' lang='lat' dir='ltr'>in</span> <span class='ocrx_word' id='word_1_19' title='bbox 980 466 1186 533; x_wconf 86' lang='lat' dir='ltr'>Gronoviana</span> <span class='ocrx_word' id='word_1_20' title='bbox 1204 472 1312 532; x_wconf 87' lang='lat' dir='ltr'>autem</span> 
     </span>
     <span class='ocr_line' id='line_1_4' title="bbox 166 574 1312 660; baseline -0.003 -20"><span class='ocrx_word' id='word_1_21' title='bbox 166 574 379 641; x_wconf 83' lang='lat' dir='ltr'>construendi</span> <span class='ocrx_word' id='word_1_22' title='bbox 397 576 523 640; x_wconf 88' lang='lat' dir='ltr'>ratione</span> <span class='ocrx_word' id='word_1_23' title='bbox 542 575 747 639; x_wconf 83' lang='lat' dir='ltr'>vehementer</span> <span class='ocrx_word' id='word_1_24' title='bbox 765 575 898 660; x_wconf 86' lang='lat' dir='ltr'>languet</span> <span class='ocrx_word' id='word_1_25' title='bbox 917 575 1076 639; x_wconf 73' lang='lat' dir='ltr'>inutiliter</span> <span class='ocrx_word' id='word_1_26' title='bbox 1097 574 1218 638; x_wconf 88' lang='lat' dir='ltr'>iterata</span> <span class='ocrx_word' id='word_1_27' title='bbox 1240 596 1312 637; x_wconf 90' lang='lat' dir='ltr'>sen-</span> 
     </span>
     <span class='ocr_line' id='line_1_5' title="bbox 167 681 1311 765; baseline -0.003 -17"><span class='ocrx_word' id='word_1_28' title='bbox 167 685 274 748; x_wconf 89' lang='lat' dir='ltr'>tentia</span> <span class='ocrx_word' id='word_1_29' title='bbox 295 683 339 748; x_wconf 87' lang='lat' dir='ltr'>ad</span> <span class='ocrx_word' id='word_1_30' title='bbox 359 683 572 765; x_wconf 76' lang='lat' dir='ltr'><em>quaerundum</em></span> <span class='ocrx_word' id='word_1_31' title='bbox 594 682 745 746; x_wconf 76' lang='lat' dir='ltr'>heuman.</span> <span class='ocrx_word' id='word_1_32' title='bbox 774 717 815 726; x_wconf 90' lang='lat'>—</span> <span class='ocrx_word' id='word_1_33' title='bbox 844 681 872 744; x_wconf 84' lang='lat' dir='ltr'>E</span> <span class='ocrx_word' id='word_1_34' title='bbox 902 681 987 745; x_wconf 87' lang='lat' dir='ltr'>vitae</span> <span class='ocrx_word' id='word_1_35' title='bbox 1015 681 1210 745; x_wconf 79' lang='lat' dir='ltr'>cottidianae</span> <span class='ocrx_word' id='word_1_36' title='bbox 1238 702 1311 744; x_wconf 91' lang='lat' dir='ltr'>con·</span> 
     </span>
     <span class='ocr_line' id='line_1_6' title="bbox 107 787 1312 875; baseline -0.001 -22"><span class='ocrx_word' id='word_1_37' title='bbox 107 862 119 875; x_wconf 38' lang='lat'>⁸</span> <span class='ocrx_word' id='word_1_38' title='bbox 170 789 343 854; x_wconf 78' lang='lat' dir='ltr'>suetudine</span> <span class='ocrx_word' id='word_1_39' title='bbox 366 789 557 853; x_wconf 81' lang='lat' dir='ltr'>crediderim</span> <span class='ocrx_word' id='word_1_40' title='bbox 579 787 824 873; x_wconf 56' lang='lat' dir='ltr'>epithecam)</span> <span class='ocrx_word' id='word_1_41' title='bbox 857 788 996 871; x_wconf 88' lang='lat' dir='ltr'>petitum</span> <span class='ocrx_word' id='word_1_42' title='bbox 1028 811 1057 852; x_wconf 82' lang='lat' dir='ltr'>v.</span> <span class='ocrx_word' id='word_1_43' title='bbox 1084 788 1181 872; x_wconf 80' lang='lat'>1025,</span> <span class='ocrx_word' id='word_1_44' title='bbox 1215 810 1312 873; x_wconf 89' lang='lat' dir='ltr'>quam</span> 
     </span>
     <span class='ocr_line' id='line_1_7' title="bbox 169 895 1313 981; baseline -0.002 -21"><span class='ocrx_word' id='word_1_45' title='bbox 169 897 366 979; x_wconf 88' lang='lat' dir='ltr'>interpretor</span> <span class='ocrx_word' id='word_1_46' title='bbox 389 895 533 981; x_wconf 88' lang='lat' dir='ltr'>aliquam</span> <span class='ocrx_word' id='word_1_47' title='bbox 557 897 698 974; x_wconf 76' lang='grc' dir='ltr'>ἐπίδοειν</span> <span class='ocrx_word' id='word_1_48' title='bbox 722 896 773 959; x_wconf 86' lang='lat' dir='ltr'>vel</span> <span class='ocrx_word' id='word_1_49' title='bbox 797 896 975 974; x_wconf 81' lang='grc' dir='ltr'>ἐπίμετρον,</span> <span class='ocrx_word' id='word_1_50' title='bbox 1002 896 1051 959; x_wconf 86' lang='lat' dir='ltr'>vel</span> <span class='ocrx_word' id='word_1_51' title='bbox 1074 899 1111 959; x_wconf 85' lang='lat' dir='ltr'>ut</span> <span class='ocrx_word' id='word_1_52' title='bbox 1132 895 1221 959; x_wconf 87' lang='lat' dir='ltr'>Festi</span> <span class='ocrx_word' id='word_1_53' title='bbox 1243 917 1313 960; x_wconf 83' lang='lat' dir='ltr'>vcr-</span> 
     </span>
     <span class='ocr_line' id='line_1_8' title="bbox 169 1000 1312 1086; baseline 0.002 -22"><span class='ocrx_word' id='word_1_54' title='bbox 169 1001 220 1065; x_wconf 85' lang='lat' dir='ltr'>bis</span> <span class='ocrx_word' id='word_1_55' title='bbox 245 1008 319 1067; x_wconf 88' lang='lat' dir='ltr'>utar</span> <span class='ocrx_word' id='word_1_56' title='bbox 343 1003 428 1086; x_wconf 90' lang='lat' dir='ltr'>apud</span> <span class='ocrx_word' id='word_1_57' title='bbox 451 1003 599 1066; x_wconf 84' lang='lat' dir='ltr'>Paullum</span> <span class='ocrx_word' id='word_1_58' title='bbox 623 1025 652 1086; x_wconf 95' lang='lat' dir='ltr'>p.</span> <span class='ocrx_word' id='word_1_59' title='bbox 670 1002 711 1066; x_wconf 78' lang='lat'>14</span> <span class='ocrx_word' id='word_1_60' title='bbox 734 1000 787 1082; x_wconf 81' lang='lat' dir='ltr'>M,</span> <span class='ocrx_word' id='word_1_61' title='bbox 809 1004 993 1080; x_wconf 78' lang='lat' dir='ltr'>auctarium,</span> <span class='ocrx_word' id='word_1_62' title='bbox 1015 1003 1097 1084; x_wconf 71' lang='lat' dir='ltr'>autad</span> <span class='ocrx_word' id='word_1_63' title='bbox 1116 1023 1208 1086; x_wconf 80' lang='lat' dir='ltr'>super</span> <span class='ocrx_word' id='word_1_64' title='bbox 1229 1024 1312 1066; x_wconf 76' lang='lat' dir='ltr'>uua-</span> 
     </span>
     <span class='ocr_line' id='line_1_9' title="bbox 167 1109 1313 1191; baseline 0 -19"><span class='ocrx_word' id='word_1_65' title='bbox 167 1130 277 1173; x_wconf 82' lang='lat' dir='ltr'>euram</span> <span class='ocrx_word' id='word_1_66' title='bbox 306 1110 351 1174; x_wconf 85' lang='lat' dir='ltr'>cet</span> <span class='ocrx_word' id='word_1_67' title='bbox 371 1111 497 1191; x_wconf 79' lang='lat' dir='ltr'>pondus</span> <span class='ocrx_word' id='word_1_68' title='bbox 524 1111 641 1174; x_wconf 66' lang='lat' dir='ltr'>arastum</span> <span class='ocrx_word' id='word_1_69' title='bbox 668 1109 866 1186; x_wconf 74' lang='lat' dir='ltr'>adiciebatur,</span> <span class='ocrx_word' id='word_1_70' title='bbox 897 1114 933 1172; x_wconf 87' lang='lat' dir='ltr'>at</span> <span class='ocrx_word' id='word_1_71' title='bbox 959 1110 1100 1173; x_wconf 70' lang='lat' dir='ltr'>aemulus</span> <span class='ocrx_word' id='word_1_72' title='bbox 1128 1114 1256 1173; x_wconf 86' lang='lat' dir='ltr'>uocatur</span> <span class='ocrx_word' id='word_1_73' title='bbox 1278 1112 1313 1172; x_wconf 78' lang='lat' dir='ltr'>tu</span> 
     </span>
     <span class='ocr_line' id='line_1_10' title="bbox 168 1214 1312 1300; baseline -0.001 -20"><span class='ocrx_word' id='word_1_74' title='bbox 168 1217 287 1280; x_wconf 82' lang='lat' dir='ltr'>modio:</span> <span class='ocrx_word' id='word_1_75' title='bbox 320 1238 384 1300; x_wconf 91' lang='lat' dir='ltr'>quo</span> <span class='ocrx_word' id='word_1_76' title='bbox 412 1238 507 1280; x_wconf 89' lang='lat' dir='ltr'>sensu</span> <span class='ocrx_word' id='word_1_77' title='bbox 537 1217 609 1300; x_wconf 90' lang='lat' dir='ltr'>ipsa</span> <span class='ocrx_word' id='word_1_78' title='bbox 638 1216 770 1294; x_wconf 88' lang='grc' dir='ltr'>ἐπιθήκη</span> <span class='ocrx_word' id='word_1_79' title='bbox 799 1236 878 1279; x_wconf 89' lang='lat' dir='ltr'>voce</span> <span class='ocrx_word' id='word_1_80' title='bbox 906 1216 940 1279; x_wconf 91' lang='lat' dir='ltr'>in</span> <span class='ocrx_word' id='word_1_81' title='bbox 968 1215 1067 1280; x_wconf 88' lang='lat' dir='ltr'>simili</span> <span class='ocrx_word' id='word_1_82' title='bbox 1091 1216 1163 1280; x_wconf 93' lang='lat' dir='ltr'>ioco</span> <span class='ocrx_word' id='word_1_83' title='bbox 1187 1214 1312 1280; x_wconf 84' lang='lat' dir='ltr'>Aristo-</span> 
     </span>
     <span class='ocr_line' id='line_1_11' title="bbox 169 1320 1313 1406; baseline 0 -20"><span class='ocrx_word' id='word_1_84' title='bbox 169 1321 293 1405; x_wconf 83' lang='lat' dir='ltr'>phanes</span> <span class='ocrx_word' id='word_1_85' title='bbox 316 1344 394 1386; x_wconf 84' lang='lat' dir='ltr'>usus</span> <span class='ocrx_word' id='word_1_86' title='bbox 418 1320 515 1406; x_wconf 90' lang='lat' dir='ltr'>Vesp.</span> <span class='ocrx_word' id='word_1_87' title='bbox 537 1344 566 1387; x_wconf 87' lang='grc' dir='ltr'>ν.</span> <span class='ocrx_word' id='word_1_88' title='bbox 592 1322 690 1387; x_wconf 85' lang='lat'>1391:</span> <span class='ocrx_word' id='word_1_89' title='bbox 728 1320 901 1402; x_wconf 83' lang='grc' dir='ltr'>κάξέβαλεν</span> <span class='ocrx_word' id='word_1_90' title='bbox 925 1322 1086 1385; x_wconf 87' lang='grc' dir='ltr'>ἐντευθενὶ</span> <span class='ocrx_word' id='word_1_91' title='bbox 1109 1321 1225 1400; x_wconf 78' lang='grc' dir='ltr'>ἄρτου(</span> <span class='ocrx_word' id='word_1_92' title='bbox 1249 1320 1313 1386; x_wconf 83' lang='grc' dir='ltr'>δέκ’</span> 
     </span>
     <span class='ocr_line' id='line_1_12' title="bbox 170 1427 1312 1513; baseline 0 -21"><span class='ocrx_word' id='word_1_93' title='bbox 170 1428 298 1508; x_wconf 85' lang='grc' dir='ltr'>ὀβολῶν</span> <span class='ocrx_word' id='word_1_94' title='bbox 331 1428 505 1509; x_wconf 80' lang='grc' dir='ltr'>κάπιθήκην</span> <span class='ocrx_word' id='word_1_95' title='bbox 536 1431 697 1507; x_wconf 69' lang='grc' dir='ltr'>τέτταρας.</span> <span class='ocrx_word' id='word_1_96' title='bbox 750 1427 836 1493; x_wconf 89' lang='lat' dir='ltr'>Nam</span> <span class='ocrx_word' id='word_1_97' title='bbox 867 1429 903 1491; x_wconf 78' lang='lat' dir='ltr'>iu</span> <span class='ocrx_word' id='word_1_98' title='bbox 934 1427 1110 1510; x_wconf 74' lang='lat' dir='ltr'>apothecam</span> <span class='ocrx_word' id='word_1_99' title='bbox 1142 1429 1198 1513; x_wconf 91' lang='lat' dir='ltr'>qui</span> <span class='ocrx_word' id='word_1_100' title='bbox 1228 1429 1312 1512; x_wconf 90' lang='lat' dir='ltr'>apud</span> 
     </span>
     <span class='ocr_line' id='line_1_13' title="bbox 168 1534 1313 1620; baseline 0.001 -23"><span class='ocrx_word' id='word_1_101' title='bbox 168 1534 321 1600; x_wconf 84' lang='lat' dir='ltr'>Plautum</span> <span class='ocrx_word' id='word_1_102' title='bbox 345 1535 534 1618; x_wconf 84' lang='lat' dir='ltr'>probarunt,</span> <span class='ocrx_word' id='word_1_103' title='bbox 557 1535 643 1620; x_wconf 89' lang='lat' dir='ltr'>quod</span> <span class='ocrx_word' id='word_1_104' title='bbox 670 1558 689 1599; x_wconf 86' lang='lat' dir='ltr'>a</span> <span class='ocrx_word' id='word_1_105' title='bbox 712 1535 869 1599; x_wconf 91' lang='lat' dir='ltr'>librorum</span> <span class='ocrx_word' id='word_1_106' title='bbox 887 1535 948 1599; x_wconf 87' lang='lat' dir='ltr'>fids</span> <span class='ocrx_word' id='word_1_107' title='bbox 966 1535 1112 1619; x_wconf 85' lang='lat' dir='ltr'>proxime</span> <span class='ocrx_word' id='word_1_108' title='bbox 1131 1534 1233 1617; x_wconf 82' lang='lat' dir='ltr'>abest,</span> <span class='ocrx_word' id='word_1_109' title='bbox 1254 1557 1313 1599; x_wconf 89' lang='lat' dir='ltr'>nec</span> 
     </span>
     <span class='ocr_line' id='line_1_14' title="bbox 168 1640 1313 1727; baseline 0.001 -23"><span class='ocrx_word' id='word_1_110' title='bbox 168 1640 229 1705; x_wconf 93' lang='lat' dir='ltr'>hoc</span> <span class='ocrx_word' id='word_1_111' title='bbox 260 1663 378 1706; x_wconf 86' lang='lat' dir='ltr'>noman</span> <span class='ocrx_word' id='word_1_112' title='bbox 409 1641 450 1704; x_wconf 90' lang='lat' dir='ltr'>ab</span> <span class='ocrx_word' id='word_1_113' title='bbox 480 1641 588 1705; x_wconf 87' lang='lat' dir='ltr'>horrei</span> <span class='ocrx_word' id='word_1_114' title='bbox 612 1642 790 1725; x_wconf 80' lang='lat' dir='ltr'>capacitate</span> <span class='ocrx_word' id='word_1_115' title='bbox 819 1664 973 1727; x_wconf 88' lang='lat' dir='ltr'>umquam</span> <span class='ocrx_word' id='word_1_116' title='bbox 1004 1663 1073 1707; x_wconf 89' lang='lat' dir='ltr'>esse</span> <span class='ocrx_word' id='word_1_117' title='bbox 1101 1642 1141 1706; x_wconf 89' lang='lat' dir='ltr'>ad</span> <span class='ocrx_word' id='word_1_118' title='bbox 1169 1641 1313 1706; x_wconf 85' lang='lat' dir='ltr'>cistellae</span> 
     </span>
     <span class='ocr_line' id='line_1_15' title="bbox 168 1747 1314 1833; baseline 0.002 -22"><span class='ocrx_word' id='word_1_119' title='bbox 168 1747 441 1833; x_wconf 81' lang='lat' dir='ltr'>significationem</span> <span class='ocrx_word' id='word_1_120' title='bbox 465 1748 621 1813; x_wconf 84' lang='lat' dir='ltr'>deflexum</span> <span class='ocrx_word' id='word_1_121' title='bbox 641 1749 910 1833; x_wconf 85' lang='lat' dir='ltr'>demonstrarunt,</span> <span class='ocrx_word' id='word_1_122' title='bbox 933 1772 993 1814; x_wconf 89' lang='lat' dir='ltr'>nec</span> <span class='ocrx_word' id='word_1_123' title='bbox 1010 1749 1089 1813; x_wconf 92' lang='lat' dir='ltr'>illud</span> <span class='ocrx_word' id='word_1_124' title='bbox 1108 1748 1314 1814; x_wconf 89' lang='lat' dir='ltr'>declararunt</span> 
     </span>
     <span class='ocr_line' id='line_1_16' title="bbox 169 1853 1311 1939; baseline 0.001 -21"><span class='ocrx_word' id='word_1_125' title='bbox 169 1876 233 1938; x_wconf 89' lang='lat' dir='ltr'>qua</span> <span class='ocrx_word' id='word_1_126' title='bbox 255 1854 487 1939; x_wconf 88' lang='lat' dir='ltr'>probabilitate</span> <span class='ocrx_word' id='word_1_127' title='bbox 506 1853 684 1919; x_wconf 84' lang='lat' dir='ltr'>Stasimum</span> <span class='ocrx_word' id='word_1_128' title='bbox 708 1877 837 1919; x_wconf 88' lang='lat' dir='ltr'>servum</span> <span class='ocrx_word' id='word_1_129' title='bbox 861 1859 893 1920; x_wconf 90' lang='lat' dir='ltr'>et</span> <span class='ocrx_word' id='word_1_130' title='bbox 916 1878 1136 1939; x_wconf 90' lang='lat' dir='ltr'>possessorem</span> <span class='ocrx_word' id='word_1_131' title='bbox 1159 1855 1311 1939; x_wconf 80' lang='lat' dir='ltr'>dactylio-</span> 
     </span>
     <span class='ocr_line' id='line_1_17' title="bbox 169 1960 1312 2046; baseline 0.001 -22"><span class='ocrx_word' id='word_1_132' title='bbox 169 1960 282 2025; x_wconf 86' lang='lat' dir='ltr'>thecae</span> <span class='ocrx_word' id='word_1_133' title='bbox 305 1961 492 2046; x_wconf 87' lang='lat' dir='ltr'>cogitarint,</span> <span class='ocrx_word' id='word_1_134' title='bbox 516 1965 549 2025; x_wconf 91' lang='lat' dir='ltr'>et</span> <span class='ocrx_word' id='word_1_135' title='bbox 571 1983 610 2026; x_wconf 92' lang='lat' dir='ltr'>ea</span> <span class='ocrx_word' id='word_1_136' title='bbox 633 1983 766 2025; x_wconf 90' lang='lat' dir='ltr'>usurum</span> <span class='ocrx_word' id='word_1_137' title='bbox 785 1961 826 2025; x_wconf 91' lang='lat' dir='ltr'>ad</span> <span class='ocrx_word' id='word_1_138' title='bbox 845 1961 877 2025; x_wconf 91' lang='lat' dir='ltr'>id</span> <span class='ocrx_word' id='word_1_139' title='bbox 897 1961 1081 2026; x_wconf 91' lang='lat' dir='ltr'>condalium</span> <span class='ocrx_word' id='word_1_140' title='bbox 1101 1962 1312 2043; x_wconf 88' lang='lat' dir='ltr'>condendum,</span> 
     </span>
     <span class='ocr_line' id='line_1_18' title="bbox 169 2066 1312 2154; baseline 0 -23"><span class='ocrx_word' id='word_1_141' title='bbox 169 2066 255 2151; x_wconf 90' lang='lat' dir='ltr'>quod</span> <span class='ocrx_word' id='word_1_142' title='bbox 278 2069 385 2152; x_wconf 90' lang='lat' dir='ltr'>ipsum</span> <span class='ocrx_word' id='word_1_143' title='bbox 408 2068 537 2154; x_wconf 86' lang='lat' dir='ltr'>gestare</span> <span class='ocrx_word' id='word_1_144' title='bbox 560 2069 595 2132; x_wconf 92' lang='lat' dir='ltr'>in</span> <span class='ocrx_word' id='word_1_145' title='bbox 618 2067 721 2153; x_wconf 85' lang='lat' dir='ltr'>digito</span> <span class='ocrx_word' id='word_1_146' title='bbox 746 2068 874 2133; x_wconf 88' lang='lat' dir='ltr'>soleret.</span> <span class='ocrx_word' id='word_1_147' title='bbox 907 2067 974 2132; x_wconf 84' lang='lat' dir='ltr'>Nec</span> <span class='ocrx_word' id='word_1_148' title='bbox 998 2068 1064 2133; x_wconf 90' lang='lat' dir='ltr'>ullo</span> <span class='ocrx_word' id='word_1_149' title='bbox 1089 2068 1184 2133; x_wconf 90' lang='lat' dir='ltr'>modo</span> <span class='ocrx_word' id='word_1_150' title='bbox 1202 2068 1312 2153; x_wconf 79' lang='lat' dir='ltr'>friget,</span> 
     </span>
     <span class='ocr_line' id='line_1_19' title="bbox 169 2171 1428 2259; baseline -0.004 -22"><span class='ocrx_word' id='word_1_151' title='bbox 169 2174 297 2258; x_wconf 89' lang='lat' dir='ltr'>siquid</span> <span class='ocrx_word' id='word_1_152' title='bbox 322 2175 441 2258; x_wconf 87' lang='lat' dir='ltr'>sentio,</span> <span class='ocrx_word' id='word_1_153' title='bbox 464 2177 590 2239; x_wconf 82' lang='lat' dir='ltr'>servato</span> <span class='ocrx_word' id='word_1_154' title='bbox 613 2173 778 2256; x_wconf 80' lang='lat' dir='ltr'>epitbecma</span> <span class='ocrx_word' id='word_1_155' title='bbox 802 2171 935 2238; x_wconf 86' lang='lat' dir='ltr'>Stasimi</span> <span class='ocrx_word' id='word_1_156' title='bbox 960 2175 1077 2239; x_wconf 88' lang='lat' dir='ltr'>oratio:</span> <span class='ocrx_word' id='word_1_157' title='bbox 1107 2176 1248 2259; x_wconf 92' lang='lat' dir='ltr'>quinon</span> <span class='ocrx_word' id='word_1_158' title='bbox 1272 2176 1309 2239; x_wconf 94' lang='lat' dir='ltr'>il·</span> <span class='ocrx_word' id='word_1_159' title='bbox 1323 2193 1428 2234; x_wconf 78' lang='lat' dir='ltr'>nxxxr</span> 
     </span>
     <span class='ocr_line' id='line_1_20' title="bbox 169 2281 1312 2366; baseline 0.001 -21"><span class='ocrx_word' id='word_1_160' title='bbox 169 2281 277 2365; x_wconf 85' lang='lat' dir='ltr'>lapido</span> <span class='ocrx_word' id='word_1_161' title='bbox 296 2282 444 2347; x_wconf 87' lang='lat' dir='ltr'>acumine</span> <span class='ocrx_word' id='word_1_162' title='bbox 462 2282 614 2346; x_wconf 89' lang='lat' dir='ltr'>derebus</span> <span class='ocrx_word' id='word_1_163' title='bbox 634 2281 738 2364; x_wconf 90' lang='lat' dir='ltr'>nihili,</span> <span class='ocrx_word' id='word_1_164' title='bbox 762 2281 880 2346; x_wconf 90' lang='lat' dir='ltr'>damno</span> <span class='ocrx_word' id='word_1_165' title='bbox 901 2285 934 2346; x_wconf 90' lang='lat' dir='ltr'>et</span> <span class='ocrx_word' id='word_1_166' title='bbox 952 2282 1071 2364; x_wconf 90' lang='lat' dir='ltr'>labore,</span> <span class='ocrx_word' id='word_1_167' title='bbox 1093 2281 1141 2346; x_wconf 90' lang='lat' dir='ltr'>ita</span> <span class='ocrx_word' id='word_1_168' title='bbox 1160 2282 1312 2366; x_wconf 82' lang='lat' dir='ltr'>loquitar,</span> 
     </span>
     <span class='ocr_line' id='line_1_21' title="bbox 169 2388 1312 2474; baseline 0.003 -24"><span class='ocrx_word' id='word_1_169' title='bbox 169 2388 262 2470; x_wconf 86' lang='lat' dir='ltr'>quasi</span> <span class='ocrx_word' id='word_1_170' title='bbox 289 2388 375 2453; x_wconf 91' lang='lat' dir='ltr'>bono</span> <span class='ocrx_word' id='word_1_171' title='bbox 403 2390 524 2454; x_wconf 91' lang='lat' dir='ltr'>bonum</span> <span class='ocrx_word' id='word_1_172' title='bbox 552 2389 660 2453; x_wconf 90' lang='lat' dir='ltr'>dedita</span> <span class='ocrx_word' id='word_1_173' title='bbox 688 2411 787 2474; x_wconf 90' lang='lat' dir='ltr'>opera</span> <span class='ocrx_word' id='word_1_174' title='bbox 816 2390 1002 2473; x_wconf 87' lang='lat' dir='ltr'>quaesitum</span> <span class='ocrx_word' id='word_1_175' title='bbox 1031 2389 1170 2453; x_wconf 90' lang='lat' dir='ltr'>accedat.</span> <span class='ocrx_word' id='word_1_176' title='bbox 1194 2426 1236 2435; x_wconf 91' lang='lat'>—</span> <span class='ocrx_word' id='word_1_177' title='bbox 1260 2389 1312 2453; x_wconf 84' lang='lat' dir='ltr'>Ad</span> 
     </span>
     <span class='ocr_line' id='line_1_22' title="bbox 170 2495 1312 2580; baseline 0.003 -24"><span class='ocrx_word' id='word_1_178' title='bbox 170 2515 221 2577; x_wconf 87' lang='lat' dir='ltr'>ea,</span> <span class='ocrx_word' id='word_1_179' title='bbox 252 2516 335 2578; x_wconf 89' lang='lat' dir='ltr'>quae</span> <span class='ocrx_word' id='word_1_180' title='bbox 363 2497 629 2578; x_wconf 88' lang='lat' dir='ltr'>probabilitatem</span> <span class='ocrx_word' id='word_1_181' title='bbox 659 2497 757 2561; x_wconf 90' lang='lat' dir='ltr'>etiam</span> <span class='ocrx_word' id='word_1_182' title='bbox 790 2497 859 2561; x_wconf 88' lang='lat' dir='ltr'>sine</span> <span class='ocrx_word' id='word_1_183' title='bbox 889 2496 1044 2580; x_wconf 86' lang='lat' dir='ltr'>exemplis</span> <span class='ocrx_word' id='word_1_184' title='bbox 1073 2495 1230 2578; x_wconf 86' lang='lat' dir='ltr'>habeant,</span> <span class='ocrx_word' id='word_1_185' title='bbox 1262 2517 1312 2559; x_wconf 89' lang='lat' dir='ltr'>mc</span> 
     </span>
     <span class='ocr_line' id='line_1_23' title="bbox 170 2590 1312 2687; baseline 0.002 -24"><span class='ocrx_word' id='word_1_186' title='bbox 170 2599 273 2664; x_wconf 89' lang='lat' dir='ltr'>iudice</span> <span class='ocrx_word' id='word_1_187' title='bbox 296 2600 377 2665; x_wconf 90' lang='lat' dir='ltr'>illud</span> <span class='ocrx_word' id='word_1_188' title='bbox 400 2624 526 2687; x_wconf 90' lang='lat' dir='ltr'>quoquc</span> <span class='ocrx_word' id='word_1_189' title='bbox 545 2604 687 2687; x_wconf 88' lang='lat' dir='ltr'>pertinet</span> <span class='ocrx_word' id='word_1_190' title='bbox 706 2627 734 2668; x_wconf 85' lang='lat' dir='ltr'>v.</span> <span class='ocrx_word' id='word_1_191' title='bbox 750 2605 827 2669; x_wconf 77' lang='lat'>887:</span> <span class='ocrx_word' id='word_1_192' title='bbox 852 2625 927 2686; x_wconf 82' lang='lat' dir='ltr'>opus</span> <span class='ocrx_word' id='word_1_193' title='bbox 947 2606 1062 2685; x_wconf 78' lang='lat' dir='ltr'>sartost</span> <span class='ocrx_word' id='word_1_194' title='bbox 1082 2590 1212 2681; x_wconf 71' lang='lat' dir='ltr'>stratico,</span> <span class='ocrx_word' id='word_1_195' title='bbox 1227 2601 1312 2685; x_wconf 92' lang='lat' dir='ltr'>quod</span> 
     </span>
     <span class='ocr_line' id='line_1_24' title="bbox 171 2705 1312 2794; baseline 0 -24"><span class='ocrx_word' id='word_1_196' title='bbox 171 2728 188 2770; x_wconf 90' lang='lat' dir='ltr'>e</span> <span class='ocrx_word' id='word_1_197' title='bbox 210 2705 369 2771; x_wconf 87' lang='lat' dir='ltr'>librorum</span> <span class='ocrx_word' id='word_1_198' title='bbox 392 2710 549 2775; x_wconf 90' lang='lat' dir='ltr'>memoria</span> <span class='ocrx_word' id='word_1_199' title='bbox 570 2710 681 2791; x_wconf 72' lang='lat' dir='ltr'>factost</span> <span class='ocrx_word' id='word_1_200' title='bbox 703 2711 783 2776; x_wconf 91' lang='lat' dir='ltr'>adeo</span> <span class='ocrx_word' id='word_1_201' title='bbox 807 2732 867 2774; x_wconf 88' lang='lat' dir='ltr'>sua</span> <span class='ocrx_word' id='word_1_202' title='bbox 886 2714 1001 2794; x_wconf 87' lang='lat' dir='ltr'>sponte</span> <span class='ocrx_word' id='word_1_203' title='bbox 1019 2709 1136 2794; x_wconf 91' lang='lat' dir='ltr'>prodit,</span> <span class='ocrx_word' id='word_1_204' title='bbox 1159 2712 1197 2773; x_wconf 91' lang='lat' dir='ltr'>ut</span> <span class='ocrx_word' id='word_1_205' title='bbox 1219 2707 1312 2772; x_wconf 86' lang='lat' dir='ltr'>facile</span> 
     </span>
     <span class='ocr_line' id='line_1_25' title="bbox 172 2814 1313 2900; baseline -0.001 -21"><span class='ocrx_word' id='word_1_206' title='bbox 172 2814 278 2879; x_wconf 87' lang='lat' dir='ltr'>vincat</span> <span class='ocrx_word' id='word_1_207' title='bbox 301 2814 432 2899; x_wconf 80' lang='lat' dir='ltr'>longius</span> <span class='ocrx_word' id='word_1_208' title='bbox 456 2817 596 2900; x_wconf 87' lang='lat' dir='ltr'>petitum</span> <span class='ocrx_word' id='word_1_209' title='bbox 618 2817 697 2898; x_wconf 77' lang='lat' dir='ltr'>sace:</span> <span class='ocrx_word' id='word_1_210' title='bbox 729 2817 796 2881; x_wconf 85' lang='lat' dir='ltr'>sive</span> <span class='ocrx_word' id='word_1_211' title='bbox 818 2818 960 2899; x_wconf 82' lang='lat' dir='ltr'>fartum</span> <span class='ocrx_word' id='word_1_212' title='bbox 983 2818 1133 2880; x_wconf 73' lang='lat' dir='ltr'>ucaticum</span> <span class='ocrx_word' id='word_1_213' title='bbox 1155 2816 1313 2898; x_wconf 79' lang='lat' dir='ltr'>interpre</span> 
     </span>
     <span class='ocr_line' id='line_1_26' title="bbox 170 2921 1312 3006; baseline -0.001 -21"><span class='ocrx_word' id='word_1_214' title='bbox 170 2923 282 2986; x_wconf 86' lang='lat' dir='ltr'>tabere</span> <span class='ocrx_word' id='word_1_215' title='bbox 300 2926 467 3005; x_wconf 89' lang='lat' dir='ltr'>tamquam</span> <span class='ocrx_word' id='word_1_216' title='bbox 486 2924 694 3006; x_wconf 77' lang='lat' dir='ltr'>reisefitlluup,</span> <span class='ocrx_word' id='word_1_217' title='bbox 717 2926 880 3003; x_wconf 81' lang='lat' dir='ltr'>reisemaat,</span> <span class='ocrx_word' id='word_1_218' title='bbox 905 2925 971 2989; x_wconf 83' lang='lat' dir='ltr'>sive</span> <span class='ocrx_word' id='word_1_219' title='bbox 988 2921 1114 2988; x_wconf 83' lang='lat' dir='ltr'>certum</span> <span class='ocrx_word' id='word_1_220' title='bbox 1133 2922 1192 2986; x_wconf 90' lang='lat' dir='ltr'>libi</span> <span class='ocrx_word' id='word_1_221' title='bbox 1211 2942 1312 3006; x_wconf 86' lang='lat' dir='ltr'>genus</span> 
     </span>
     <span class='ocr_line' id='line_1_27' title="bbox 171 3010 1313 3114; baseline -0.002 -21"><span class='ocrx_word' id='word_1_222' title='bbox 171 3028 290 3093; x_wconf 90' lang='lat' dir='ltr'>collata</span> <span class='ocrx_word' id='word_1_223' title='bbox 311 3029 426 3108; x_wconf 83' lang='lat' dir='ltr'>fertum</span> <span class='ocrx_word' id='word_1_224' title='bbox 448 3028 615 3114; x_wconf 82' lang='lat' dir='ltr'>forma.**)</span> <span class='ocrx_word' id='word_1_225' title='bbox 647 3028 695 3093; x_wconf 89' lang='lat' dir='ltr'>De</span> <span class='ocrx_word' id='word_1_226' title='bbox 719 3031 924 3095; x_wconf 88' lang='lat' dir='ltr'>substantivo</span> <span class='ocrx_word' id='word_1_227' title='bbox 948 3031 1098 3094; x_wconf 70' lang='lat' dir='ltr'>rotaticum</span> <span class='ocrx_word' id='word_1_228' title='bbox 1120 3010 1313 3114; x_wconf 82' lang='lat' dir='ltr'>cogitarunt,</span> 
     </span>
     <span class='ocr_line' id='line_1_28' title="bbox 171 3134 1313 3220; baseline 0.001 -22"><span class='ocrx_word' id='word_1_229' title='bbox 171 3135 225 3218; x_wconf 90' lang='lat' dir='ltr'>qui</span> <span class='ocrx_word' id='word_1_230' title='bbox 253 3140 281 3198; x_wconf 84' lang='lat' dir='ltr'>et</span> <span class='ocrx_word' id='word_1_231' title='bbox 307 3134 507 3200; x_wconf 84' lang='lat' dir='ltr'>infarcirent:</span> <span class='ocrx_word' id='word_1_232' title='bbox 542 3136 735 3200; x_wconf 88' lang='lat' dir='ltr'>adiectivum</span> <span class='ocrx_word' id='word_1_233' title='bbox 768 3137 869 3203; x_wconf 89' lang='lat' dir='ltr'>habes</span> <span class='ocrx_word' id='word_1_234' title='bbox 901 3136 1017 3202; x_wconf 90' lang='lat' dir='ltr'>Bacch.</span> <span class='ocrx_word' id='word_1_235' title='bbox 1054 3136 1083 3220; x_wconf 92' lang='lat' dir='ltr'>I,</span> <span class='ocrx_word' id='word_1_236' title='bbox 1109 3138 1140 3218; x_wconf 90' lang='lat'>1,</span> <span class='ocrx_word' id='word_1_237' title='bbox 1169 3137 1225 3218; x_wconf 80' lang='lat'>61,</span> <span class='ocrx_word' id='word_1_238' title='bbox 1257 3135 1313 3199; x_wconf 91' lang='lat' dir='ltr'>ubi</span> 
     </span>
     <span class='ocr_line' id='line_1_29' title="bbox 170 3240 1313 3327; baseline -0.001 -21"><span class='ocrx_word' id='word_1_239' title='bbox 170 3261 245 3306; x_wconf 80' lang='lat' dir='ltr'>ocraa</span> <span class='ocrx_word' id='word_1_240' title='bbox 266 3241 384 3305; x_wconf 76' lang='lat' dir='ltr'>uiatico</span> <span class='ocrx_word' id='word_1_241' title='bbox 406 3241 532 3305; x_wconf 90' lang='lat' dir='ltr'>dicitur.</span> <span class='ocrx_word' id='word_1_242' title='bbox 556 3279 598 3286; x_wconf 89' lang='lat'>—</span> <span class='ocrx_word' id='word_1_243' title='bbox 623 3240 746 3307; x_wconf 81' lang='lat' dir='ltr'>Contra</span> <span class='ocrx_word' id='word_1_244' title='bbox 769 3245 1018 3327; x_wconf 85' lang='lat' dir='ltr'>substantivum,</span> <span class='ocrx_word' id='word_1_245' title='bbox 1042 3245 1079 3305; x_wconf 93' lang='lat' dir='ltr'>ut</span> <span class='ocrx_word' id='word_1_246' title='bbox 1101 3240 1313 3323; x_wconf 82' lang='lat' dir='ltr'>Poen.1V,2,</span> 
     </span>
     <span class='ocr_line' id='line_1_30' title="bbox 174 3348 1312 3433; baseline -0.002 -21"><span class='ocrx_word' id='word_1_247' title='bbox 174 3349 228 3433; x_wconf 85' lang='lat'>16,</span> <span class='ocrx_word' id='word_1_248' title='bbox 251 3371 320 3412; x_wconf 91' lang='lat' dir='ltr'>non</span> <span class='ocrx_word' id='word_1_249' title='bbox 344 3348 538 3412; x_wconf 82' lang='lat' dir='ltr'>adiectivum</span> <span class='ocrx_word' id='word_1_250' title='bbox 561 3349 649 3413; x_wconf 84' lang='lat' dir='ltr'>volui</span> <span class='ocrx_word' id='word_1_251' title='bbox 671 3350 835 3413; x_wconf 73' lang='lat' dir='ltr'>uicarium</span> <span class='ocrx_word' id='word_1_252' title='bbox 859 3371 929 3414; x_wconf 89' lang='lat' dir='ltr'>esse</span> <span class='ocrx_word' id='word_1_253' title='bbox 952 3373 979 3414; x_wconf 85' lang='lat' dir='ltr'>v.</span> <span class='ocrx_word' id='word_1_254' title='bbox 1004 3349 1082 3415; x_wconf 88' lang='lat'><strong>888:</strong></span> <span class='ocrx_word' id='word_1_255' title='bbox 1115 3348 1171 3413; x_wconf 92' lang='lat' dir='ltr'>ubi</span> <span class='ocrx_word' id='word_1_256' title='bbox 1194 3351 1232 3412; x_wconf 92' lang='lat' dir='ltr'>ut</span> <span class='ocrx_word' id='word_1_257' title='bbox 1254 3369 1312 3430; x_wconf 92' lang='lat' dir='ltr'>pro</span> 
     </span>
    </p>
   </div>
   <div class='ocr_carea' id='block_1_3' title="bbox 171 3610 1314 4469">
    <p class='ocr_par' dir='ltr' id='par_1_3' title="bbox 171 3610 1313 4038">
     <span class='ocr_line' id='line_1_31' title="bbox 171 3610 1313 3683; baseline -0.001 -18"><span class='ocrx_word' id='word_1_258' title='bbox 171 3612 260 3666; x_wconf 85' lang='lat' dir='ltr'>nitate</span> <span class='ocrx_word' id='word_1_259' title='bbox 278 3612 492 3668; x_wconf 87' lang='lat' dir='ltr'>reconditiorcm</span> <span class='ocrx_word' id='word_1_260' title='bbox 511 3612 633 3682; x_wconf 89' lang='lat' dir='ltr'>aliquem</span> <span class='ocrx_word' id='word_1_261' title='bbox 652 3613 840 3683; x_wconf 78' lang='lat' dir='ltr'>significatum</span> <span class='ocrx_word' id='word_1_262' title='bbox 854 3612 965 3667; x_wconf 87' lang='lat' dir='ltr'>habuit:</span> <span class='ocrx_word' id='word_1_263' title='bbox 984 3610 1074 3682; x_wconf 81' lang='lat' dir='ltr'>(velut</span> <span class='ocrx_word' id='word_1_264' title='bbox 1088 3611 1206 3682; x_wconf 79' lang='lat' dir='ltr'>cogitari</span> <span class='ocrx_word' id='word_1_265' title='bbox 1220 3613 1313 3681; x_wconf 86' lang='lat' dir='ltr'>potest</span> 
     </span>
     <span class='ocr_line' id='line_1_32' title="bbox 171 3699 1313 3771; baseline -0.004 -15"><span class='ocrx_word' id='word_1_266' title='bbox 171 3699 316 3756; x_wconf 84' lang='lat' dir='ltr'>vindicans</span> <span class='ocrx_word' id='word_1_267' title='bbox 339 3702 367 3756; x_wconf 94' lang='lat' dir='ltr'>h.</span> <span class='ocrx_word' id='word_1_268' title='bbox 388 3718 411 3756; x_wconf 88' lang='lat' dir='ltr'>a.</span> <span class='ocrx_word' id='word_1_269' title='bbox 435 3701 572 3756; x_wconf 81' lang='lat' dir='ltr'>ulciscens</span> <span class='ocrx_word' id='word_1_270' title='bbox 596 3705 625 3756; x_wconf 90' lang='lat' dir='ltr'>et</span> <span class='ocrx_word' id='word_1_271' title='bbox 647 3702 765 3771; x_wconf 82' lang='lat' dir='ltr'>puniens</span> <span class='ocrx_word' id='word_1_272' title='bbox 784 3701 890 3757; x_wconf 86' lang='lat' dir='ltr'>scelera</span> <span class='ocrx_word' id='word_1_273' title='bbox 909 3699 1033 3756; x_wconf 78' lang='lat' dir='ltr'>carnifex</span> <span class='ocrx_word' id='word_1_274' title='bbox 1052 3700 1203 3768; x_wconf 86' lang='lat' dir='ltr'>aliquando</span> <span class='ocrx_word' id='word_1_275' title='bbox 1222 3699 1313 3754; x_wconf 87' lang='lat' dir='ltr'>dictus</span> 
     </span>
     <span class='ocr_line' id='line_1_33' title="bbox 172 3788 1311 3863; baseline -0.002 -18"><span class='ocrx_word' id='word_1_276' title='bbox 172 3806 232 3845; x_wconf 82' lang='lat' dir='ltr'>cass</span> <span class='ocrx_word' id='word_1_277' title='bbox 250 3790 376 3863; x_wconf 71' lang='lat' dir='ltr'>vindan)</span> <span class='ocrx_word' id='word_1_278' title='bbox 395 3807 440 3845; x_wconf 87' lang='lat' dir='ltr'>mc</span> <span class='ocrx_word' id='word_1_279' title='bbox 458 3791 565 3846; x_wconf 87' lang='lat' dir='ltr'>nescire</span> <span class='ocrx_word' id='word_1_280' title='bbox 584 3791 675 3845; x_wconf 83' lang='lat' dir='ltr'>fateor</span> <span class='ocrx_word' id='word_1_281' title='bbox 693 3792 761 3860; x_wconf 89' lang='lat' dir='ltr'>quid</span> <span class='ocrx_word' id='word_1_282' title='bbox 774 3792 892 3861; x_wconf 77' lang='lat' dir='ltr'>vulgata</span> <span class='ocrx_word' id='word_1_283' title='bbox 907 3789 1047 3860; x_wconf 89' lang='lat' dir='ltr'>scriptura</span> <span class='ocrx_word' id='word_1_284' title='bbox 1060 3789 1129 3844; x_wconf 82' lang='lat' dir='ltr'>fiat’</span> <span class='ocrx_word' id='word_1_285' title='bbox 1160 3788 1200 3843; x_wconf 83' lang='lat' dir='ltr'>Cf.</span> <span class='ocrx_word' id='word_1_286' title='bbox 1212 3788 1311 3858; x_wconf 89' lang='lat' dir='ltr'>Opusc.</span> 
     </span>
     <span class='ocr_line' id='line_1_34' title="bbox 171 3878 424 3951; baseline 0.012 -20"><span class='ocrx_word' id='word_1_287' title='bbox 171 3878 240 3947; x_wconf 86' lang='lat' dir='ltr'>phil.</span> <span class='ocrx_word' id='word_1_288' title='bbox 259 3879 286 3931; x_wconf 93' lang='lat' dir='ltr'>II</span> <span class='ocrx_word' id='word_1_289' title='bbox 304 3897 330 3948; x_wconf 92' lang='lat' dir='ltr'>p.</span> <span class='ocrx_word' id='word_1_290' title='bbox 350 3879 424 3951; x_wconf 73' lang='lat'><strong>528]</strong></span> 
     </span>
     <span class='ocr_line' id='line_1_35' title="bbox 261 3952 1313 4038; baseline -0.003 -16"><span class='ocrx_word' id='word_1_291' title='bbox 261 3952 290 4037; x_wconf 58' lang='lat'>*&#39;)</span> <span class='ocrx_word' id='word_1_292' title='bbox 311 3969 457 4038; x_wconf 80' lang='grc' dir='ltr'>[ἑπιθήκην</span> <span class='ocrx_word' id='word_1_293' title='bbox 476 3968 594 4023; x_wconf 89' lang='lat' dir='ltr'>tollendi</span> <span class='ocrx_word' id='word_1_294' title='bbox 613 3968 706 4023; x_wconf 88' lang='lat' dir='ltr'>hiatus</span> <span class='ocrx_word' id='word_1_295' title='bbox 726 3986 811 4023; x_wconf 87' lang='lat' dir='ltr'>causa</span> <span class='ocrx_word' id='word_1_296' title='bbox 829 3970 858 4023; x_wconf 90' lang='lat' dir='ltr'>in</span> <span class='ocrx_word' id='word_1_297' title='bbox 877 3968 919 4023; x_wconf 88' lang='lat' dir='ltr'>ed.</span> <span class='ocrx_word' id='word_1_298' title='bbox 935 3967 983 4024; x_wconf 86' lang='lat' dir='ltr'>alt.</span> <span class='ocrx_word' id='word_1_299' title='bbox 1003 3967 1174 4021; x_wconf 85' lang='lat' dir='ltr'>Ritschalius</span> <span class='ocrx_word' id='word_1_300' title='bbox 1193 3967 1313 4035; x_wconf 78' lang='lat' dir='ltr'>scripsit,</span> 
     </span>
    </p>

    <p class='ocr_par' dir='ltr' id='par_1_4' title="bbox 171 4056 1314 4216">
     <span class='ocr_line' id='line_1_36' title="bbox 171 4056 1314 4127; baseline -0.001 -18"><span class='ocrx_word' id='word_1_301' title='bbox 171 4057 201 4110; x_wconf 91' lang='lat' dir='ltr'>id</span> <span class='ocrx_word' id='word_1_302' title='bbox 220 4058 294 4124; x_wconf 90' lang='lat' dir='ltr'>quod</span> <span class='ocrx_word' id='word_1_303' title='bbox 312 4074 477 4127; x_wconf 80' lang='lat' dir='ltr'>graccorum</span> <span class='ocrx_word' id='word_1_304' title='bbox 499 4057 528 4111; x_wconf 91' lang='lat' dir='ltr'>in</span> <span class='ocrx_word' id='word_1_305' title='bbox 546 4056 599 4111; x_wconf 89' lang='lat' dir='ltr'>hac</span> <span class='ocrx_word' id='word_1_306' title='bbox 622 4056 685 4126; x_wconf 87' lang='lat' dir='ltr'>ipsa</span> <span class='ocrx_word' id='word_1_307' title='bbox 702 4058 799 4112; x_wconf 87' lang='lat' dir='ltr'>fabula</span> <span class='ocrx_word' id='word_1_308' title='bbox 817 4057 1016 4113; x_wconf 87' lang='lat' dir='ltr'>vocabulorum</span> <span class='ocrx_word' id='word_1_309' title='bbox 1035 4060 1072 4125; x_wconf 85' lang='lat' dir='ltr'>(v.</span> <span class='ocrx_word' id='word_1_310' title='bbox 1094 4061 1151 4111; x_wconf 77' lang='lat'>187.</span> <span class='ocrx_word' id='word_1_311' title='bbox 1171 4062 1231 4109; x_wconf 80' lang='lat'>419.</span> <span class='ocrx_word' id='word_1_312' title='bbox 1251 4057 1314 4122; x_wconf 74' lang='lat'><strong>706)</strong></span> 
     </span>
     <span class='ocr_line' id='line_1_37' title="bbox 171 4145 1215 4216; baseline -0.003 -16"><span class='ocrx_word' id='word_1_313' title='bbox 171 4147 300 4216; x_wconf 84' lang='lat' dir='ltr'>exemplo</span> <span class='ocrx_word' id='word_1_314' title='bbox 320 4146 509 4202; x_wconf 86' lang='lat' dir='ltr'>commendari</span> <span class='ocrx_word' id='word_1_315' title='bbox 527 4150 674 4202; x_wconf 88' lang='lat' dir='ltr'>monuerat</span> <span class='ocrx_word' id='word_1_316' title='bbox 692 4147 822 4203; x_wconf 86' lang='lat' dir='ltr'>Kochius.</span> <span class='ocrx_word' id='word_1_317' title='bbox 862 4146 901 4202; x_wconf 82' lang='lat' dir='ltr'>Cf.</span> <span class='ocrx_word' id='word_1_318' title='bbox 920 4147 994 4201; x_wconf 88' lang='lat' dir='ltr'>infra</span> <span class='ocrx_word' id='word_1_319' title='bbox 1012 4166 1039 4216; x_wconf 87' lang='lat' dir='ltr'>p.</span> <span class='ocrx_word' id='word_1_320' title='bbox 1058 4145 1215 4214; x_wconf 64' lang='lat' dir='ltr'>oxomen]</span> 
     </span>
    </p>

    <p class='ocr_par' dir='ltr' id='par_1_5' title="bbox 172 4233 1313 4394">
     <span class='ocr_line' id='line_1_38' title="bbox 242 4233 1313 4307; baseline -0.004 -18"><span class='ocrx_word' id='word_1_321' title='bbox 242 4233 284 4305; x_wconf 70' lang='lat'>⁸⁸)</span> <span class='ocrx_word' id='word_1_322' title='bbox 304 4236 348 4307; x_wconf 88' lang='lat' dir='ltr'>[ln</span> <span class='ocrx_word' id='word_1_323' title='bbox 367 4235 410 4292; x_wconf 85' lang='lat' dir='ltr'>ed.</span> <span class='ocrx_word' id='word_1_324' title='bbox 430 4235 479 4290; x_wconf 88' lang='lat' dir='ltr'>alt.</span> <span class='ocrx_word' id='word_1_325' title='bbox 499 4235 667 4289; x_wconf 85' lang='lat' dir='ltr'>Ritschelius</span> <span class='ocrx_word' id='word_1_326' title='bbox 693 4236 768 4303; x_wconf 77' lang='lat' dir='ltr'>Opus</span> <span class='ocrx_word' id='word_1_327' title='bbox 790 4238 888 4301; x_wconf 72' lang='lat' dir='ltr'>factost</span> <span class='ocrx_word' id='word_1_328' title='bbox 910 4236 1013 4289; x_wconf 77' lang='lat' dir='ltr'>uiatico</span> <span class='ocrx_word' id='word_1_329' title='bbox 1036 4233 1159 4289; x_wconf 84' lang='lat' dir='ltr'>servavit</span> <span class='ocrx_word' id='word_1_330' title='bbox 1181 4234 1211 4287; x_wconf 90' lang='lat' dir='ltr'>in</span> <span class='ocrx_word' id='word_1_331' title='bbox 1235 4249 1313 4302; x_wconf 88' lang='lat' dir='ltr'>prae·</span> 
     </span>
     <span class='ocr_line' id='line_1_39' title="bbox 172 4323 916 4394; baseline 0 -16"><span class='ocrx_word' id='word_1_332' title='bbox 172 4324 253 4393; x_wconf 75' lang='lat' dir='ltr'>nanti,</span> <span class='ocrx_word' id='word_1_333' title='bbox 272 4324 339 4393; x_wconf 84' lang='lat' dir='ltr'>quia</span> <span class='ocrx_word' id='word_1_334' title='bbox 357 4325 456 4380; x_wconf 82' lang='lat' dir='ltr'>melius</span> <span class='ocrx_word' id='word_1_335' title='bbox 474 4325 598 4379; x_wconf 89' lang='lat' dir='ltr'>nondum</span> <span class='ocrx_word' id='word_1_336' title='bbox 616 4324 760 4379; x_wconf 86' lang='lat' dir='ltr'>inventum</span> <span class='ocrx_word' id='word_1_337' title='bbox 780 4323 916 4394; x_wconf 77' lang='lat' dir='ltr'>videbat]</span> 
     </span>
    </p>

    <p class='ocr_par' dir='ltr' id='par_1_6' title="bbox 225 4415 1100 4469">
     <span class='ocr_line' id='line_1_40' title="bbox 225 4415 1100 4469; baseline -0.005 -2"><span class='ocrx_word' id='word_1_338' title='bbox 225 4432 267 4467; x_wconf 73' lang='lat' dir='ltr'>ra</span> <span class='ocrx_word' id='word_1_339' title='bbox 286 4433 435 4469; x_wconf 73' lang='lat' dir='ltr'>muscum</span> <span class='ocrx_word' id='word_1_340' title='bbox 454 4433 587 4469; x_wconf 68' lang='lat' dir='ltr'>oei-scm</span> <span class='ocrx_word' id='word_1_341' title='bbox 605 4433 629 4467; x_wconf 90' lang='grc' dir='ltr'>ν.</span> <span class='ocrx_word' id='word_1_342' title='bbox 1067 4415 1100 4464; x_wconf 76' lang='lat'>22</span> 
     </span>
    </p>
   </div>
   <div class='ocr_carea' id='block_1_4' title="bbox 0 0 1493 5032">
    <p class='ocr_par' dir='ltr' id='par_1_7' title="bbox 0 0 1493 5032">
     <span class='ocr_line' id='line_1_41' title="bbox 0 0 1493 5032; baseline 0 0"><span class='ocrx_word' id='word_1_343' title='bbox 0 0 1493 5032; x_wconf 95' lang='lat' dir='ltr'> </span> 
     </span>
    </p>
   </div>
  </div>
 </body>
</html>
