2962 5032
490 230 758 279 6666686666
783 232 989 279 6668666886.
1249 214 1314 279 319

181 378 247 440 618.
264 375 308 440 70
327 392 435 440 osma
454 410 486 431 ..
506 392 555 440 nn
578 397 638 460 pro
652 374 873 462 oberrarem),
896 398 923 439 v.
938 376 1002 441 217
1018 393 1062 439 ax
1079 407 1089 426 ·
1107 393 1153 453 Qu
1172 409 1181 427 ·
1199 395 1315 441 aaron

175 481 351 566 horumque
369 481 490 547 similia
507 505 536 546 8.
555 482 631 547 264.
652 483 729 546 406.
750 483 825 547 428.
848 483 923 547 466.
947 482 1020 546 506.
1045 482 1117 547 637.
1143 484 1216 547 642.
1241 484 1314 548 643.

173 588 248 671 666,
281 588 356 654 alia.
401 587 464 654 Sed
498 590 596 654 etiam
623 590 652 655 si
683 589 765 655 talia
791 589 893 654 missa
920 588 1048 672 feceris,
1081 610 1163 673 quae
1192 589 1314 653 nemini

171 695 274 760 fnudi
288 695 399 760 futura
412 694 488 778 sint,
511 695 653 759 6616618
669 694 853 759 substiteris
868 717 950 779 quae
965 694 1157 778 antiquioris
1176 695 1314 778 exempli

169 801 230 865 fide
264 801 419 866 librarius
453 801 644 886 propagarit
676 801 728 867 861
762 822 959 887 propagasse
993 802 1139 867 videatur
1172 800 1314 887 (quando

167 908 267 973 certis
293 908 374 973 haec
400 909 521 974 finibus
548 909 774 973 disterminare
802 907 963 992 difficile),
991 909 1128 973 multum
1152 910 1312 991 6568666,

167 1035 267 1098 quam
290 1015 533 1082 Ambrosianus
556 1016 776 1080 recensionem
804 1015 988 1080 fabularum
1012 1015 1236 1081 Plautinarum
1265 1037 1313 1079 86-

164 1123 289 1207 quitur,
311 1144 332 1187 a
354 1122 494 1207 pristina
516 1122 706 1206 integritate
729 1144 794 1187 non
818 1123 922 1188 dicam
945 1122 1047 1205 nullo,
1071 1127 1106 1186 at
1128 1122 1244 1207 exiguo
1267 1123 1314 1187 in·

166 1229 306 1293 tervallo
320 1228 427 1294 (118666
463 1228 494 1293 N
498 1252 550 1294 am
565 1233 602 1294 ut
616 1230 726 1313 paucis
741 1229 1169 1313 comprehendam-omnino
1188 1230 1312 1294 nullum

165 1342 218 1400 est
240 1355 344 1420 genus
367 1336 622 1421 depravationis,
650 1336 734 1420 quod
758 1336 790 1400 A
812 1358 880 1401 non
907 1339 963 1400 aut
990 1336 1101 1399 multis
1125 1335 1206 1401 locis
1229 1359 1311 1400 conr·

167 1463 265 1506 mune
284 1464 357 1507 cum
379 1465 400 1520 γ
423 1443 454 1507 h.
478 1465 504 1509 6.
527 1442 681 1527 calliopii
704 1443 891 1509 recensione
915 1443 1043 1526 habeat,
1067 1442 1194 1507 duxerit
1212 1443 1313 1526 igitur

167 1550 372 1615 6666666661
394 1551 486 1615 fonte
509 1572 543 1633 u,
571 1554 627 1615 aut
656 1549 849 1635 quibusdam
873 1548 1028 1632 exemplis
1052 1548 1115 1614 sibi
1138 1549 1217 1613 adeo
1241 1571 1314 1632 pro-

165 1657 274 1739 prium
302 1662 432 1741 praeter
459 1656 570 1740 ΒΘΖ),
602 1679 668 1722 666
696 1658 797 1741 igitur
824 1657 922 1721 etiam
952 1656 985 1720 in
1015 1662 1033 1737 β
1061 1655 1139 1721 olim
1172 1659 1313 1720 exstans.

167 1762 268 1829 Velut
295 1787 368 1830 conr
397 1787 426 1829 8.
449 1765 513 1830 208
542 1763 687 1828 immisso
712 1764 909 1848 glossemate
933 1786 1003 1829 cum
1029 1763 1189 1828 Palatinis
1212 1764 1313 1827 sciunt

166 1872 202 1936 id
226 1873 310 1953 praed
335 1873 517 1956 presciret
538 1872 627 1953 quid,
650 1872 807 1957 gliscente
831 1876 941 1935 autern
965 1870 1215 1955 interpolatione
1239 1892 1311 1953 pro·

167 1978 370 2043 6186686686
393 1981 465 2043 item
486 1980 589 2043 861666
609 1979 644 2042 id
664 1979 747 2060 quod
766 2000 826 2062 pro
848 1979 950 2043 861666
971 1980 1053 2060 qued
1074 1978 1162 2042 solus
1181 1977 1313 2042 exbibet

168 2085 261 2149 valde
289 2085 428 2149 notabili
456 2086 616 2170 exemplo:
647 2086 725 2149 item
754 2085 843 2150 solus
872 2085 958 2149 molo
984 2085 1084 2149 686116
1112 2107 1140 2149 8.
1164 2086 1226 2149 361
1253 2107 1311 2169 pro

166 2191 280 2273 mullo,
307 2214 336 2255 8.
358 2192 424 2257 236
447 2212 479 2256 86
505 2193 675 2274 6666811661.
722 2191 782 2255 Vel
807 2214 878 2256 cum
902 2192 935 2256 in
958 2212 1024 2255 uno
1047 2191 1092 2273 A,
1115 2213 1197 2275 quae
1220 2190 1312 2255 Pala·

167 2299 227 2362 tini
251 2303 433 2383 servarunt,
455 2298 687 2380 desiderantur,
709 2320 735 2362 e.
759 2320 784 2363 c.
807 2299 849 2362 sii
871 2298 946 2379 231,
964 2299 1070 2361 orioro
1093 2298 1168 2380 271,
1192 2302 1219 2361 te
1236 2298 1311 2380 378,

167 2425 237 2469 666
260 2405 336 2488 523,
364 2427 421 2486 que
446 2406 521 2483 645,
550 2426 619 2487 erpo
643 2405 715 2487 756,
745 2406 773 2469 is
801 2409 846 2468 686
877 2404 974 2468 1072ε
1007 2424 1201 2487 quamquam
1231 2403 1311 2468 haec

167 2513 374 2595 potissimum
393 2513 502 2577 nescio
523 2534 563 2576 66
588 2512 699 2578 eodem
724 2512 791 2576 1666
816 2510 878 2576 8611
896 2511 1121 2595 neglegentiae
1141 2509 1312 2575 scribentis

166 2619 361 2684 tribuantur.
406 2619 481 2684 Non
509 2620 614 2683 minor
640 2641 794 2684 numerus
821 2624 872 2683 est
899 2639 1066 2702 perperam
1090 2618 1124 2681 in
1147 2618 1179 2681 A
1207 2621 1313 2680 trans·

166 2725 357 2809 positorum,
376 2731 412 2789 ut
429 2727 517 2790 corde
534 2747 599 2790 meo
618 2726 693 2810 223,
709 2727 798 2807 patri
815 2714 961 2790 aridocier
979 2725 1053 2807 358,
1076 2745 1124 2788 me
1140 2723 1196 2788 7866
1212 2745 1308 2787 arnum
1325 2744 1366 2783 nx

165 2833 341 2897 consolatur
368 2832 448 2915 394,
475 2833 610 2897 ursinam
639 2854 700 2897 6886
728 2833 810 2916 456,
838 2832 930 2897 celere
958 2833 1002 2896 sic
1031 2831 1106 2914 668,
1135 2832 1231 2895 oncle
1261 2852 1312 2912 cpe

168 2938 271 3003 1071:
295 2960 378 3022 quae
402 2940 512 3002 omnia
535 2942 611 3002 8666
634 2938 801 3022 eiusmodi,
831 2943 868 3002 66
892 2939 938 3003 618
962 2937 1113 3002 admissis
1137 2936 1311 3000 manifesto

165 3049 305 3109 metrum
334 3052 472 3111 corruat.
517 3046 628 3111 Etiam
656 3046 696 3110 ad
728 3046 872 3130 integros
896 3068 1007 3111 866868
1034 3067 1135 3128 prava
1162 3049 1309 3127 transpo-

167 3150 242 3216 sitio
267 3152 426 3235 pertinuit
448 3176 476 3217 v.
500 3154 552 3218 50.
577 3154 649 3218 763.
695 3152 763 3217 Nec
792 3157 962 3236 corruptae
985 3153 1019 3217 in
1043 3151 1180 3235 singulis
1205 3152 1311 3215 verbis

167 3258 348 3341 scripturae
362 3260 510 3342 exempla
523 3260 649 3341 desunt,
668 3260 785 3344 quibus
799 3260 994 3343 integriores
1009 3258 1175 3323 Palatinos
1194 3256 1311 3322 habea-

167 3384 254 3448 mus,
284 3384 344 3427 nec
372 3364 494 3429 leviora
521 3369 648 3429 tantum
673 3370 709 3430 ut
731 3366 832 3429 ohim
855 3386 913 3449 pro
937 3365 1078 3429 abiar-unt
1106 3387 1134 3429 8.
1158 3364 1232 3446 535,
1260 3364 1312 3426 bo·

166 3470 264 3534 6818868
286 3491 346 3552 pro
369 3491 472 3535 666868
494 3472 546 3552 29,
571 3472 634 3535 illic
657 3494 715 3554 pro
737 3472 787 3535 illi
810 3471 885 3553 555,
908 3470 1081 3534 sedetiam
1101 3470 1181 3534 talia
1203 3469 1312 3553 qualia

166 3581 242 3640 sunt
266 3578 371 3657 [fluia
395 3577 466 3641 berre
487 3582 592 3641 668161
613 3599 670 3660 pro
698 3579 731 3641 di
758 3577 830 3640 benc
856 3577 1079 3656 6681661502,
1104 3581 1136 3639 66
1159 3575 1309 3659 gravissi-

166 3704 253 3745 mum
279 3683 434 3767 omniurn,
457 3684 542 3767 quod
562 3705 694 3766 prorsus
713 3684 837 3767 respuit
856 3687 1034 3746 8666666166
1054 3683 1147 3765 66616,
1170 3682 1313 3762 teimau

166 3787 525 3873 6886811886**)66861668
545 3814 573 3854 8.
593 3791 657 3853 214
677 3813 735 3873 pro
755 3791 841 3854 torris
858 3791 913 3870 qui
930 3789 1089 3854 6668118866
1105 3790 1178 3853 8618.
1217 3789 1310 3852 Ρ886-

166 3900 256 3960 terea
279 3897 464 3961 universum
488 3918 589 3982 genus
614 3901 664 3961 est
687 3896 859 3980 quoddam,
883 3896 917 3959 in
937 3917 1000 3979 quo
1020 3918 1085 3961 non
1105 3896 1149 3958 sit
1167 3894 1311 3975 dubium,

165 4004 244 4086 quin
268 4000 420 4088 Calliopii
443 4004 586 4068 recensio
618 4004 755 4067 multum
779 4003 1016 4067 Ambrosianus
1043 4004 1196 4086 praestet:
1225 4001 1309 4084 quod

253 4232 280 4303 ⁶)
304 4233 406 4304 [lmmo
425 4234 585 4302 obimipm23
606 4233 640 4287 cf.
660 4233 760 4302 Opusc.
780 4233 849 4300 phil.
871 4233 895 4285 ll
914 4250 942 4301 p.
961 4232 1033 4297 488]

235 4320 456 4393 ⁰)[nuoar1sr
479 4347 507 4367 ··
529 4322 555 4375 h.
575 4338 598 4375 e.
620 4323 812 4406 6666668866)
831 4321 893 4400 Aul.
