2962 5032
384 331 679 380 enaruaarronnn
704 333 775 379 um)
799 319 1007 381 {laumense
1206 318 1267 380 711

84 497 200 539 mus
224 473 385 538 Maximus
414 472 469 538 diu
498 476 635 560 sospitet
663 476 931 559 superstitetque,
962 498 1034 539 cum
1058 476 1131 539 'iva
1156 498 1270 541 caussa

85 585 196 645 tum
220 586 336 646 nostra
359 582 446 646 omni
475 586 507 646 et
529 583 651 666 pietate
676 587 709 647 et
731 583 889 647 instantia
912 585 1063 665 optamus
1087 604 1269 666 compreca-

85 709 271 770 murque.
317 685 409 762 Quod
439 688 516 752 deus
544 690 627 754 bene
656 693 762 753 vertat
791 694 823 753 et
851 689 926 752 felix
955 689 1097 754 faustum
1127 689 1268 754 fortuna-

86 798 260 877 tumque
283 815 353 858 esse
376 794 494 859 iubeat.
540 795 631 860 Vale.

215 899 337 965 Datum
367 899 499 966 Bonnae
528 903 577 967 die
600 902 678 967 XVI
712 926 753 966 m.
778 903 927 967 Octobris
951 926 979 967 a.
1003 921 1268 969 cromcccnvnn.

674 1278 722 1340 12.

100 1412 557 1481 Gratulationsadresse
572 1418 752 1483 R-itschl's
772 1442 814 1481 zu
834 1418 914 1482 dem
935 1418 1266 1503 furrfzigjithrigen

308 1523 651 1606 Doctorjubiliium
685 1546 756 1588 von
790 1527 826 1587 u.
858 1522 1083 1608 Bernhardy

477 1651 533 1694 am
558 1631 609 1694 30.
633 1630 799 1695 October
825 1631 918 1695 1872.

215 1770 400 1838 Godofredo
415 1771 605 1855 Bernhardy
623 1773 634 1855 ll
652 1795 710 1856 per
733 1774 819 1836 vitae
843 1772 1055 1856 laborumque
1079 1774 1266 1839 fructuosis·

118 1877 241 1941 simam
274 1878 547 1963 longinquitatem
569 1879 579 1961 ll
602 1900 674 1942 cum
708 1879 883 1944 iuventutis
917 1879 1113 1962 optimarum
1146 1881 1266 1945 artium

119 1982 290 2048 studiosae
307 1984 318 2066 ΙΙ
336 1983 460 2048 doctori
478 1989 576 2068 atque
591 1983 787 2049 moderatori
806 1984 1016 2068 integerrimo
1033 1985 1044 2068 ΙΙ
1062 1991 1132 2049 tum
1152 2008 1265 2071 aequa-

122 2088 202 2152 lium
237 2089 272 2153 in
304 2089 510 2174 antiquitatis
544 2089 660 2154 studiis
694 2091 892 2154 versantium
926 2092 1069 2154 omnium
1106 2094 1264 2178 magistro

127 2195 221 2260 unico
239 2196 249 2279 ΙΙ
267 2197 386 2280 quippe
414 2195 468 2278 qui
497 2195 691 2277 scriptorum
720 2216 908 2280 graecorum
932 2195 1173 2280 latinorumque
1196 2204 1265 2262 tam

126 2304 158 2365 et
185 2301 315 2365 subtilis
343 2301 546 2365 existimator
573 2305 607 2364 et
629 2302 820 2386 intellegens
843 2302 1002 2385 interpres
1025 2307 1058 2366 et
1081 2302 1264 2369 luculentus
1336 2279 1344 2295 ’

125 2412 293 2471 enarrator
307 2407 468 2471 exstiterit
486 2408 496 2489 ΙΙ
514 2412 551 2471 ut
570 2409 638 2471 eius
657 2407 853 2490 disciplinae,
877 2431 974 2491 quam
994 2407 1090 2474 hodie
1109 2408 1265 2473 historiae

124 2514 307 2579 litterarum
336 2512 466 2577 nomine
490 2513 749 2597 complectimur,
781 2513 849 2577 iure
872 2514 1050 2597 meritoque
1073 2520 1150 2597 post
1173 2537 1263 2601 mag-

124 2641 201 2683 num
222 2616 258 2682 F.
282 2619 320 2682 A.
345 2618 499 2683 Wolfium
527 2618 609 2682 alter
637 2639 753 2701 parens
782 2625 878 2702 atque
906 2620 1055 2685 eonditor
1082 2621 1264 2686 habeatur⁴

124 2725 284 2789 honorum
315 2725 665 2810 quinquagenariorum
692 2725 879 2789 felicitatem
897 2727 907 2808 ΙΙ
930 2749 967 2790 ex
991 2727 1098 2792 animo
1122 2729 1264 2812 gratula-

123 2836 174 2896 tur
191 2832 202 2915 ΙΙ
219 2831 495 2916 plurimorumque
520 2854 677 2897 annorum
700 2837 889 2915 perpetuam
913 2834 1050 2897 salutem
1069 2836 1264 2919 prosperita-

124 2944 255 3021 temque
278 2942 412 3021 exoptat
438 2938 449 3022 ΙΙ
476 2937 657 3002 Fridericus
681 2937 880 3003 Ritschelius
907 2940 917 3021 ll
945 2938 1120 3022 Lipsiensis
1147 2941 1158 3024 ΙΙ
1185 2941 1263 3006 olim

123 3043 283 3109 Halensis.
303 3042 386 3109 ¹Ser.
410 3045 439 3108 d.
463 3043 553 3109 XXX
577 3067 618 3108 m.
642 3043 710 3110 Oct.
735 3068 762 3109 a.
787 3062 1051 3112 morocccnxxn.

670 3368 718 3431 13.

122 3507 558 3573 Gratulationsadresee
573 3507 753 3572 Ritsohl's
772 3531 815 3571 zu
831 3509 911 3571 dem
927 3507 1263 3593 fuut'aigjithrigen

165 3614 503 3698 Doctorjubiliium
527 3637 598 3678 von
622 3614 715 3677 Karl
739 3614 858 3678 Lehrs
883 3614 1103 3678 anillitus
1126 3616 1219 3679 1873.

209 3773 331 3839 Karolo
355 3774 490 3839 Lehrsic
508 3774 519 3856 ΙΙ
537 3774 774 3858 Regimontano
792 3774 802 3855 ΙΙ
821 3772 1039 3837 universitatis
1075 3773 1263 3839 Albertinae

120 3881 228 3946 decori
251 3887 349 3967 atque
369 3886 558 3946 ornamento
578 3881 735 3966 singulari
752 3884 763 3965 ΙΙ
782 3880 898 3944 eximio
918 3879 1024 3943 eximii
1043 3881 1262 3963 praeceptoris

122 3992 155 4052 et
176 3989 335 4074 discipulo
359 3995 392 4053 et
411 3989 537 4053 aemulo
556 3989 566 4071 l
585 3987 809 4052 Aristarcheae
830 3987 958 4050 virtutis
978 3986 1148 4069 interpreti
1167 3991 1262 4070 atque

122 4095 240 4160 vindici
260 4117 334 4161 vere
349 4094 558 4159 Aristarcheo
577 4093 587 4178 ll
605 4096 771 4173 διόρθωειν
791 4095 934 4172 ἐξήγηειν
953 4093 1050 4171 apicus
1075 4115 1146 4157 cum
1170 4114 1261 4178 grae·

121 4225 231 4267 carum
259 4207 329 4266 tum
358 4202 534 4265 latinarum
557 4200 739 4265 litterarum
757 4199 768 4281 ll
786 4204 930 4263 veterum
958 4200 1188 4284 magistrorum
1212 4222 1262 4264 ex-

121 4309 228 4393 emplo
250 4307 460 4392 ”laetissima
489 4308 662 4390 eademque
691 4306 950 4370 {luctuosissima
979 4307 1184 4370 consortione
1212 4329 1262 4371 so-

120 4414 222 4479 cianti
238 4414 249 4496 l
268 4418 463 4497 strenueque
478 4413 654 4478 iuventutis
679 4413 883 4478 institutione
901 4414 911 4496 ll
930 4413 970 4477 ad
993 4414 1121 4477 futurae
1145 4413 1261 4478 aetatis
