2926 5040
282 339 356 386 UND
381 339 442 385 Dlll
466 338 651 386 LElPZlGllR
673 339 995 388 PLAU'I'USS'I'UDIEN.
1173 324 1215 389 89

52 477 188 535 hudatus
217 478 273 549 sit,
301 479 346 534 ita
366 477 423 533 iarn
445 480 590 549 postrema
608 478 689 535 Musa
713 478 871 535 laudandus
894 496 954 535 esse
978 497 995 534 a
1018 496 1048 535 so
1074 479 1216 548 videatur,

51 571 152 640 capiat
169 585 192 624 a
212 583 340 639 persona
357 585 408 623 sua
425 567 560 639 favorem,
580 585 642 625 cum
662 585 692 624 se
710 569 798 625 veluti
816 569 1014 624 beneficiorum
1033 569 1063 624 iu
1081 586 1110 625 se
1130 569 1216 625 collo·

50 663 183 715 catorum
206 674 368 714 memorem
386 660 554 729 gratumque
572 657 723 730 significet3
742 675 760 714 a
778 675 806 713 re
821 658 941 729 denique
957 658 1026 729 ipsa,
1047 659 1125 714 cuius
1140 657 1216 713 utili-

49 752 110 804 tate
128 750 163 804 el
183 748 389 820 magnitudine
407 748 552 818 proposita
570 748 713 804 auditores
731 747 808 818 ipsos
827 748 856 803 in
871 766 1009 803 summam
1023 748 1215 804 adtentionem

46 837 199 894 meare
216 838 333 894 nititur.

44 1017 70 1053 r.
91 1004 121 1054 2
148 996 250 1053 Rudis
274 997 357 1068 virga
378 999 439 1052 erat
457 1014 514 1067 qua
531 997 712 1068 gladiatores,
736 998 803 1052 dum
827 997 958 1053 libertate
977 998 1163 1066 donabantur,
1182 1015 1217 1053 ue

122 1086 329 1158 gladiaturam
349 1087 471 1157 amplius
489 1089 658 1158 exercerent,
676 1086 774 1142 donari
793 1086 960 1154 solebant.*)
984 1086 1064 1142 Vnde
1078 1104 1134 1142 non
1148 1105 1216 1143 nun·

122 1194 221 1246 quam
239 1195 296 1248 pro
312 1177 444 1232 libertate
464 1179 493 1232 et
509 1177 565 1231 fine
583 1176 660 1231 rudis
678 1175 800 1247 ponitur.
837 1175 940 1231 Sensus
959 1177 1014 1230 est:
1039 1176 1062 1231 0
1078 1177 1218 1247 Meceuas,

121 1267 212 1321 sisne
242 1282 291 1320 me
316 1265 465 1321 Horatium
493 1264 562 1320 satis
593 1264 737 1336 cognitum
767 1265 825 1319 iam
853 1267 882 1318 et
909 1264 1058 1334 probatum
1084 1265 1217 1322 exercitio

127 1354 286 1409 Musarum
301 1355 395 1410 aetate
410 1355 468 1409 iam
482 1353 694 1426 ingravescente
707 1355 736 1409 et
749 1352 934 1409 severioribus
949 1355 1031 1410 rebus
1045 1355 1137 1425 magis
1150 1357 1217 1425 apta

121 1447 241 1500 iterum
271 1443 365 1500 studio
392 1443 502 1514 poetico
530 1443 688 1514 includere,
717 1442 953 1514 quemadmodum
980 1443 1124 1514 gladiator
1149 1444 1217 1500 rude

123 1533 260 1590 donatus
279 1535 308 1589 et
326 1551 343 1588 a
360 1533 531 1605 gladiatorio
548 1549 663 1588 munere
680 1531 814 1588 remissus
838 1533 893 1587 ium
912 1551 1007 1588 rursus
1026 1533 1055 1588 in
1074 1535 1217 1588 certamen

123 1626 307 1680 revocatur?
561 1689 564 1694 Ι

39 1734 72 1769 r.
92 1694 124 1769 l.
152 1711 299 1768 Veianius
322 1712 465 1782 gladiator
491 1712 606 1782 quidam
629 1711 745 1783 insignis
771 1713 801 1767 et
824 1713 915 1767 clarus
944 1710 1010 1780 fuit,
1041 1711 1089 1782 qui
1118 1713 1215 1767 aetate

125 1802 284 1858 declinata
302 1801 473 1871 decursoque
491 1800 550 1856 iam
568 1800 662 1871 spatio
685 1801 721 1856 ab
746 1803 806 1856 arte
826 1819 877 1857 sua
893 1801 1066 1873 gladiatoria
1089 1801 1219 1857 discessit

126 1906 274 1960 armaque
292 1908 327 1945 ex
344 1891 522 1961 antiquorum
546 1906 624 1945 more
642 1890 672 1945 in
690 1891 796 1961 templo
814 1891 943 1946 Herculis
961 1890 1118 1961 suspendit,
1142 1888 1217 1959 quod

124 1981 159 2036 in
181 1981 245 2035 eius
264 1979 311 2035 dei
328 1980 419 2036 tutela
436 1979 466 2034 id
485 1979 634 2035 artificium
654 1997 714 2035 esse
733 1981 933 2050 putaretur.**)

44 2092 75 2127 v.
98 2080 126 2127 6.
153 2069 331 2126 Gladiatorii
353 2068 414 2123 ludi
436 2067 479 2123 ita
501 2084 519 2123 a
541 2068 683 2122 veteribus
705 2070 787 2123 erant
804 2069 939 2138 instituti,
964 2071 995 2124 ut
1013 2068 1068 2123 duo
1088 2067 1213 2123 eiusdem

127 2158 257 2228 aetatis,
275 2157 496 2226 exercitationis,
515 2157 706 2227 proceritatis,
725 2157 827 2211 virium
846 2160 875 2213 et
892 2158 1026 2213 audaciae
1042 2158 1073 2211 iu
1091 2157 1213 2211 mediam

128 2251 275 2304 harenam
294 2245 447 2317 prodirent,
466 2262 550 2315 seque
570 2246 674 2300 mutuis
693 2246 855 2301 vulneribus
870 2263 952 2318 saepe
967 2247 1143 2314 conficerent,
1162 2245 1217 2300 nisi

128 2339 331 2409 spectatorum
355 2334 505 2391 clementia
525 2334 617 2390 victor
639 2334 847 2403 prohiberetur,
870 2351 905 2391 ne
928 2335 956 2389 in
984 2335 1088 2390 victum
1112 2337 1142 2391 et
1159 2336 1217 2390 iam

129 2426 303 2483 vulneribus
325 2425 483 2481 confectum
506 2424 624 2479 ulterius
643 2422 779 2490 saeviret;
799 2425 874 2494 quod
897 2426 964 2479 tune
983 2425 1103 2479 marimo
1123 2424 1217 2494 fiebat,

130 2536 201 2574 cum
220 2515 272 2570 ille
291 2514 409 2584 supplex
428 2513 527 2585 populi
546 2513 575 2567 iu
589 2514 699 2568 theatro
715 2513 837 2568 sedentis
852 2529 934 2583 opem
950 2511 1122 2583 imploraret,
1142 2513 1217 2581 quod

131 2606 298 2677 significare
321 2603 432 2658 videtur
454 2604 540 2673 poeta
558 2604 664 2670 noster,
690 2619 752 2656 cum
773 2603 825 2657 ait:
851 2602 909 2657 ‘Ne
933 2603 1069 2673 populum
1092 2604 1218 2657 extrema

130 2696 224 2751 toties
245 2695 342 2748 exoret
359 2691 551 2759 harena.’***)

58 2809 84 2841 r.
106 2796 131 2841 7.
163 2785 248 2838 Sicut
270 2799 356 2852 supra
379 2798 396 2835 a
419 2780 588 2851 gladiatorio
616 2798 743 2847 munere,
772 2782 813 2834 ito
836 2780 881 2834 hic
906 2799 923 2835 a
951 2781 1039 2834 curuli
1064 2783 1217 2836 certamino

134 2874 339 2944 metaphoram
360 2869 487 2940 sumpsit.
520 2869 593 2923 Nam
614 2871 647 2923 ut
669 2871 744 2923 errat
758 2869 806 2938 qui
822 2888 932 2938 equum,
952 2888 1007 2939 quo
1026 2870 1054 2924 in
1072 2871 1218 2925 iuventute

134 2967 280 3019 haetenus
294 2961 400 3015 victore
415 2977 480 3014 usus
496 2959 541 3028 sit,
556 2957 612 3012 iam
628 2975 721 3012 sonem
736 2958 828 3013 adhuc
843 2959 871 3013 in
885 2957 975 3013 stadio
991 2976 1100 3013 currere
1115 2960 1218 3028 iubeat,

134 3057 180 3109 ita
199 3069 264 3124 ego,
282 3051 373 3121 inquit
391 3049 533 3117 Horatius,
556 3048 769 3118 reprehensione
793 3066 848 3103 non
868 3065 1000 3115 carerem,
1020 3046 1044 3100 si
1063 3065 1096 3102 ca
1116 3049 1218 3117 studia,

135 3160 213 3214 quae
229 3143 259 3196 in
278 3140 376 3195 florido
394 3141 488 3193 aetate
507 3137 626 3206 exercui,
645 3155 719 3192 nunc
738 3154 821 3192 senex
840 3156 895 3192 non
914 3138 1108 3206 relinquerem.

62 3255 85 3291 r.
108 3242 153 3288 11.
176 3233 334 3299 Vtramque
352 3229 561 3299 philosophiam
585 3226 725 3297 significat
750 3228 803 3282 hoc
827 3227 889 3282 loco
910 3226 1056 3294 Horatius,
1079 3227 1215 3297 phisicen,

136 3339 213 3391 quae
242 3319 316 3373 circu
337 3318 397 3372 veri
420 3317 666 3387 investigationem
690 3315 832 3383 consistit,
855 3319 884 3370 et
908 3316 1032 3383 ethicen,
1052 3316 1218 3385 quaesitae

136 3411 280 3479 magistra
306 3408 341 3462 ad
368 3409 457 3462 rectus
480 3406 668 3474 decenterque
692 3405 816 3460 actiones
841 3423 892 3459 nos
913 3405 1049 3474 perducit.
1089 3404 1219 3459 Naturali

137 3500 218 3555 enim
239 3496 406 3567 philosopho
421 3495 524 3550 sufficit
543 3495 618 3565 quod
637 3512 734 3548 verum
754 3495 791 3549 sit
810 3510 986 3565 cognoscere,
1005 3490 1104 3547 niorali
1124 3495 1218 3546 autem

140 3588 220 3658 quod
240 3588 346 3641 rectum
364 3586 524 3654 iustumque
542 3587 586 3639 est
604 3601 685 3638 nosse
704 3602 758 3637 non
778 3583 845 3637 satis
861 3585 911 3652 cst,
930 3582 982 3636 nisi
1002 3585 1077 3636 recte
1092 3583 1219 3649 iusteque

139 3680 224 3748 agat3
249 3693 318 3744 opus
342 3675 415 3729 eninr
439 3674 552 3728 moralis
571 3673 684 3727 virtutis
707 3690 761 3727 non
782 3671 940 3742 cognitione
961 3671 1009 3726 sed
1029 3670 1138 3724 actione
1157 3686 1218 3737 per-

138 3765 280 3834 ficitur-i)

65 3876 90 3911 r.
110 3864 159 3912 90.
178 3854 255 3909 Miro
274 3853 368 3908 ordine
392 3856 422 3907 et
445 3851 563 3906 artificio
581 3851 710 3920 procedit
724 3850 864 3905 Horatius.
895 3849 988 3903 Primo
1003 3848 1077 3902 enim
1092 3846 1219 3915 graviore

139 3946 200 3999 iam
218 3944 312 3997 aetate
330 3959 372 4010 ea,
391 3958 463 4012 quae
482 3940 589 3995 leviora
608 3943 637 3995 et
655 3940 862 3994 adulescentiae
881 3937 1065 3993 condonanda
1083 3938 1156 4004 sunt,
1180 3954 1219 3988 re-

158 4109 184 4173 ⁸)
207 4104 306 4158 Dieser
324 4102 389 4156 Satz
409 4102 446 4156 ist
464 4118 513 4155 aus
532 4101 640 4155 Landin
659 4103 845 4155 entnommen.

138 4196 183 4260 *ἢ
205 4193 289 4247 Diese
307 4208 394 4263 gance
413 4191 591 4260 Bemerlrung
608 4191 646 4247 ist
664 4191 721 4244 last
737 4190 867 4244 wdrtlich
886 4207 936 4243 aus
956 4186 1064 4243 lrandin
1083 4187 1219 4240 entlehnt.

117 4285 181 4352 m)
205 4282 289 4336 Diese
307 4297 396 4352 ganne
410 4280 590 4349 Bemerkung
602 4281 642 4334 ist
654 4279 812 4350 gleiohfalls
828 4279 884 4332 last
898 4278 1027 4333 wortlich
1046 4294 1096 4330 aus
1111 4276 1220 4329 Landin

65 4376 245 4527 &flexis-'ie
264 4475 353 4529 ganzo
371 4459 550 4529 Bemerlrung
569 4458 697 4514 wdrtlich
716 4473 765 4512 aus
784 4455 899 4513 Laudin.
987 4481 994 4493 ·
