2926 5040
393 314 527 384 sorren
550 337 598 383 An
622 336 758 384 rnners
781 337 932 384 usuono.
1169 320 1234 385 225

43 482 81 541 et
106 500 172 542 me
201 482 243 543 et
277 478 405 545 editore
433 479 536 545 invito
564 479 686 545 facturn
714 480 777 544 soli
806 478 914 543 deberi
937 480 1144 565 plagulerum
1168 503 1235 545 cor·

43 585 187 649 rectori
203 583 396 670 Lipsiensi,
419 586 475 670 qui
492 587 601 652 nescio
621 608 684 670 quo
703 585 772 650 iure
790 607 874 670 quse
892 606 958 650 non
972 584 1117 652 Pussorii
1136 610 1234 652 manu

46 693 218 776 escripte
244 692 288 758 in
310 693 460 779 margine
482 693 606 759 videret
628 698 662 757 et
684 693 764 757 udeo
787 695 963 757 testaretur
981 694 1235 777 conglutinande
1248 710 1274 752 n

47 820 130 863 cum
153 797 392 865 Passoviunis
414 804 448 865 et
470 822 544 865 cum
562 800 665 866 doctis
684 799 873 864 bominibus
893 801 1159 865 communicanda
1179 825 1234 885 pu·

49 907 157 970 tavit.
204 902 280 969 Sed
305 906 459 990 quonium
482 910 627 991 potestas
650 928 716 971 non
740 910 791 970 est
813 905 954 985 ἀγένητα
977 912 1083 973 ποιεῖν
1106 907 1171 972 ἅττ’
1195 908 1234 973 ἂν

51 1014 73 1097 ᾖ
107 1015 364 1093 πεπραγμένα,
392 1006 594 1079 emaculebo'
607 1014 724 1079 saltem
751 1017 785 1076 et
813 1013 920 1096 aliqua
949 1035 987 1078 ex
1011 1018 1104 1097 purte
1128 1016 1234 1079 defen·

53 1120 157 1204 darn,
184 1141 283 1205 qnae
307 1119 415 1184 eliens
437 1121 532 1205 culpe
554 1120 736 1186 deformata
758 1120 979 1184 innotuerunt.

156 1227 212 1292 Et
253 1227 300 1292 ab
339 1249 423 1293 unno
465 1227 595 1312 quidem
637 1222 938 1309 mmccccxxx,
979 1251 1043 1313 quo
1081 1227 1234 1313 Aeschyli

58 1333 211 1420 Septem
231 1335 280 1400 ed
295 1333 426 1399 Thebas
444 1333 584 1418 publicis
603 1334 725 1400 scholis
744 1334 884 1419 primum
904 1357 975 1400 sum
994 1335 1235 1419 interpretatus,

60 1465 142 1507 eum
164 1463 370 1526 numquam,
392 1441 449 1506 ubi
468 1438 509 1506 ad
528 1439 693 1506 eboricum
712 1461 840 1505 carmen
859 1442 998 1525 primum
1018 1442 1086 1507 cius
1105 1441 1235 1507 fabulae

10 1614 12 1621 ,
62 1556 212 1616 rentum
238 1553 330 1631 erut,
352 1548 391 1612 de
414 1547 548 1632 reliquis
571 1546 819 1612 difficultatibus
842 1546 938 1611 buius
962 1549 1075 1631 purodi
1099 1549 1235 1632 explicu-

10 1682 12 1731 5
63 1659 134 1722 tius
156 1655 279 1721 dicere
299 1654 406 1737 omisi,
428 1657 498 1719 turn
522 1654 561 1719 de
584 1654 729 1718 metricis
753 1653 934 1719 rationibus
958 1656 1004 1719 sic
1027 1655 1177 1739 iudicavi,
1200 1660 1237 1720 ut

66 1764 280 1848 ambiguum
298 1782 370 1826 esse
388 1782 562 1844 monerem,
585 1766 734 1826 essentne
754 1760 968 1845 antistrophis
988 1762 1235 1827 lamentantium

67 1872 251 1956 virginum
277 1868 378 1934 verbs
400 1868 601 1953 disponenda
623 1891 666 1933 an
687 1889 753 1934 non
777 1872 892 1932 essent
929 1867 1026 1934 Mitto
1049 1891 1134 1935 nunc
1154 1892 1236 1954 quse

71 1980 141 2043 iere
157 1978 340 2062 disputare
353 1975 389 2040 in
403 1979 714 2060 utramquepartem
734 1975 964 2058 consueverim,
987 1998 1123 2060 quorum
1143 1999 1236 2061 erpo·

71 2085 154 2149 sitio
176 2082 326 2167 amplius
341 2082 405 2148 sibi
424 2083 567 2167 spatium
587 2082 707 2166 poscit3
727 2085 854 2146 tuntum
870 2082 962 2165 oddo,
981 2083 1235 2167 antistropbicue

72 2189 312 2275 responsionis
344 2189 537 2273 quibusdem
568 2189 602 2253 in
640 2189 788 2273 pertibus
827 2193 878 2253 tot
910 2195 1041 2275 tamque
1073 2190 1237 2256 luculenta

75 2298 226 2382 rest-igis
250 2299 372 2380 extare,
394 2297 509 2381 utqui
533 2319 590 2381 per
609 2297 796 2361 universum
818 2318 948 2361 carmen
971 2299 1148 2381 potuisse
1172 2297 1235 2363 for·

75 2409 167 2470 tasse
193 2404 290 2468 illam
315 2403 477 2487 pertinere
501 2403 668 2488 statuerit,
696 2403 726 2467 ei
749 2407 835 2469 certe
858 2404 1006 2488 exemplo
1031 2405 1148 2490 aliquo,
1171 2427 1234 2489 quo

77 2532 184 2596 usquc
217 2509 377 2594 progredi
409 2509 443 2574 in
473 2509 534 2574 hoc
567 2531 684 2596 genere
717 2510 842 2594 liceret,
876 2510 1108 2575 ostendendum
1138 2511 1236 2576 fuerit

78 2628 110 2682 et
134 2620 194 2682 via
218 2617 449 2699 monstranda,
480 2639 546 2700 qua
569 2616 731 2681 incedenti
755 2616 894 2701 cuipiam
918 2617 1043 2682 felicius
1068 2618 1235 2682 succedere

78 2725 291 2810 singulorum
320 2723 501 2789 emendatio
529 2728 649 2807 posset.
695 2723 865 2788 Eiusmodi
894 2724 1087 2809 exemplum·
1102 2726 1234 2810 reliquis

22 2814 25 2821 Ι
79 2833 178 2917 louge
203 2829 413 2916 probabilius
436 2829 501 2894 dixi
530 2830 612 2894 illud
637 2852 706 2893 esse
730 2831 815 2915 quod
839 2854 858 2894 a
882 2828 1024 2895 Seidlero
1049 2837 1099 2895 est
1121 2855 1235 2915 propo-

78 2941 194 3024 situm,
220 2938 280 3002 sed
305 2942 415 3002 tamen
438 2938 485 3001 ita
507 2937 570 3002 hoc
595 2939 702 3021 ipsum
730 2942 962 3021 comparatum,
986 2943 1023 3001 ut
1041 2940 1233 3022 quibusdem

79 3047 111 3110 iu
139 3046 227 3110 locis
258 3044 358 3108 etium
387 3045 493 3108 limari
522 3048 556 3107 et
579 3044 689 3128 perfici
714 3066 809 3127 posse
834 3045 1004 3110 videretur.
1052 3046 1142 3121 Quod
1167 3048 1235 3130 qui·

79 3152 152 3217 dem
179 3152 245 3217 buc
270 3151 379 3235 specie
404 3150 511 3215 studui
535 3150 709 3215 declarare.

555 3328 723 3412 Προῳδόε.
748 3329 763 3391 Ι
805 3406 811 3420 ⁶

194 3440 344 3518 θρεῦμαι
369 3439 493 3517 φοβερὰ
518 3436 629 3515 μεγάλ’
653 3435 722 3514 ἄχη.

610 3555 648 3624 α’.
674 3559 704 3623 ll

187 3675 342 3751 μεθεῖται
367 3670 497 3746 ττματὸτ
520 3667 739 3746 (τρατόπεδον
763 3669 874 3745 λιπών,

90 3798 124 3845 so
185 3782 242 3859 ῥεῖ
268 3778 376 3841 πολὺ(
399 3776 454 3840 ὅδε
479 3777 561 3839 λεὼ(
584 3776 766 3854 πρόδρομοι
790 3775 935 3839 ἱππότας.

607 3894 642 3980 β’.
662 3898 710 3962 ΙΙΙ

183 4008 323 4088 αἰθερία
347 4006 434 4069 κόνι(
457 4028 493 4083 με
518 4006 620 4069 πείθει
644 4005 777 4084 φανεῖς’,

183 4120 208 4181 ἃ
237 4117 376 4181 ’νααδοτ
400 4115 501 4191 ταφὴ(
525 4113 639 4191 ἔτυμα(
661 4111 798 4188 ἄγγελος
824 4117 967 4177 ποτᾶται.

123 4287 131 4291 ..
140 4284 185 4291 ...-
192 4279 273 4288 ...ψ--

61 4367 238 4442 praemissis
271 4360 409 4416 nimirum
435 4358 600 4427 simpliciter
628 4358 672 4412 bis
700 4357 805 4412 verbis:
844 4358 891 4410 ‘ln
922 4358 1046 4426 margins
1076 4361 1146 4414 baec
1178 4377 1233 4414 non

62 4456 199 4515 Psssorii
222 4468 317 4508 manu
337 4446 493 4516 adscripta:
513 4446 648 4501 «Ritschl.
660 4447 687 4492 ι’
727 4446 755 4499 C.
776 4445 833 4514 W]

115 4568 160 4602 rr.
186 4558 354 4598 ιιιτειίιειιι
376 4556 507 4590 orvscvm
527 4556 551 4589 r.
989 4544 1020 4591 15
