2962 5032
535 329 768 378 usrnuuscnu
792 331 921 378 annau.
1232 316 1295 380 661

150 471 354 536 saeculorum
381 475 534 538 testatur:
568 477 625 538 aut
651 473 722 537 falli
751 474 932 539 communis
962 496 1025 538 vox
1053 475 1211 540 credenda
1239 498 1298 541 nec

151 579 186 643 in
209 579 305 643 bonis
329 580 436 663 potius
460 602 558 664 quam
581 581 615 645 in
637 581 734 645 malis
758 580 944 647 humanitas
964 581 1132 666 censenda,
1155 586 1212 646 aut
1230 604 1297 647 om·

150 686 244 750 nium
271 688 455 771 temporum
483 688 641 773 magistra
669 688 882 753 humanitatis
912 692 1015 754 mater
1039 688 1216 773 antiquitas
1239 690 1298 754 illa

149 792 303 859 habenda
325 796 382 858 est.
423 793 555 878 Ergone
578 795 772 859 temeritatis
797 800 893 880 atque
918 796 997 861 adeo
1022 795 1213 861 stoliditatis
1236 796 1296 861 cri·

150 921 223 964 men
248 900 388 985 effugere
411 905 574 986 poterunt,
597 903 653 986 qui
676 924 773 967 caeca
796 902 851 966 sed
875 904 987 968 eadem
1009 903 1182 986 impotenti
1204 903 1296 968 rabie

149 1006 291 1091 undique
314 1009 523 1074 convolantes
542 1008 576 1073 in
595 1009 667 1092 ipsa
686 1008 892 1092 antiquitatis
912 1010 1021 1074 studia
1038 1031 1123 1074 nunc
1141 1009 1345 1082 invehun·1x

149 1118 204 1178 tur
231 1113 469 1200 perniciemque
497 1116 564 1181 illis
592 1119 625 1179 et
653 1115 786 1179 exitium
816 1115 1004 1180 minantur?
1049 1114 1192 1191 Quorum
1223 1139 1295 1182 cum

149 1221 268 1305 triplex
291 1222 496 1305 potissimum
520 1241 622 1306 genus
641 1221 697 1285 sit:
721 1220 795 1285 illos
815 1221 945 1305 quidem
970 1243 1103 1305 prorsus
1127 1220 1180 1287 hic
1202 1244 1295 1306 prae·

147 1327 363 1393 termittimus
382 1329 447 1413 qui,
465 1328 542 1392 dum
561 1328 772 1412 opificiorum,
791 1329 1057 1393 commerciorum
1075 1328 1295 1413 negotiorum·

149 1456 212 1519 que
242 1434 385 1500 utilitate
409 1441 442 1500 et
464 1435 645 1500 civitatium
674 1435 813 1500 salutem
837 1439 870 1499 et
892 1436 1011 1500 artium
1035 1435 1295 1520 disciplinarum-

147 1563 211 1626 que
237 1542 378 1607 fructum
402 1564 530 1608 omnem
559 1542 751 1624 metiuntur,
778 1542 813 1606 in
841 1546 977 1626 quaestu
1005 1542 1158 1627 lucroque
1182 1546 1214 1607 et
1236 1542 1294 1608 hu·

147 1648 255 1713 manis
284 1648 432 1714 sordibus
460 1649 569 1732 ipsum
598 1648 694 1712 finem
718 1649 877 1713 bonorum
901 1651 1070 1733 quaerunt.
1114 1647 1294 1716 Honestius

148 1755 304 1838 sentiunt,
328 1754 384 1819 sed
406 1759 516 1820 tamen
539 1755 782 1838 intellegentius
806 1755 859 1819 vix
883 1754 1035 1838 iudicant,
1059 1755 1114 1839 qui
1133 1755 1217 1820 nihil
1236 1757 1293 1820 im·

147 1864 332 1947 pugnantes
355 1860 406 1926 vel
430 1861 540 1943 potius
564 1860 646 1924 nihil
670 1865 819 1925 curantes
843 1859 1041 1925 Graecorum
1059 1860 1293 1926 Romanorum-

148 1991 211 2053 que
242 1967 477 2052 praestantiam
513 1965 596 2031 nihil
633 1967 763 2031 omnino
800 1966 1009 2050 imitandum,
1044 1967 1127 2032 nihil
1164 1967 1294 2034 aliunde

147 2075 368 2141 asciscendum
397 2073 559 2152 dictitant,
586 2073 648 2138 hoc
679 2073 808 2158 quidem
836 2073 987 2157 consilio,
1013 2077 1050 2139 ut
1077 2075 1208 2140 tandem
1235 2075 1293 2140 ali-

147 2182 276 2268 quando
308 2182 433 2247 abiecta
465 2180 602 2245 aliorum
634 2180 846 2244 admiratione
874 2184 1003 2245 nosmet
1033 2180 1097 2264 ipsi
1131 2182 1293 2265 suspicere

147 2290 324 2372 discamus,
356 2309 415 2352 nec
442 2287 505 2350 nisi
534 2285 601 2350 suis
631 2307 648 2350 e
675 2285 838 2351 radicibus
866 2285 1072 2368 proficiscens
1100 2308 1138 2352 ea
1165 2289 1292 2354 roboris

148 2395 348 2460 incrementa
375 2392 553 2458 communis
580 2392 689 2476 patria
716 2392 836 2476 capiat,
865 2391 982 2476 quibus
1009 2395 1043 2456 et
1063 2392 1136 2477 ipsa
1158 2413 1292 2461 concors

151 2502 282 2587 suisque
314 2522 383 2565 sese
411 2498 539 2583 legibus
569 2499 751 2583 gubernans
782 2503 815 2563 et
844 2498 989 2563 timenda
1020 2499 1137 2564 exteris
1168 2500 1293 2586 evadat,

147 2614 246 2693 atque
278 2612 316 2673 ut
347 2627 411 2672 uno
443 2606 541 2670 verbo
574 2605 695 2687 dicam,
730 2627 825 2670 verae
863 2605 1053 2690 debitaeque
1085 2607 1293 2692 eiusdemque

147 2715 306 2801 pristinae
328 2712 491 2778 libertatis
515 2711 726 2795 beatitudine,
748 2711 839 2775 cuius
862 2733 945 2775 unus
969 2712 1043 2777 fons
1061 2713 1195 2796 iustitia,
1219 2734 1290 2778 cum

147 2822 312 2906 republica
334 2820 485 2884 universa
508 2817 629 2901 singuli
653 2818 738 2881 cives
761 2816 919 2882 fruantur.
956 2816 1028 2883 Hoc
1051 2822 1159 2884 autem
1184 2820 1291 2905 ipsum

147 2953 239 3011 uum,
272 2928 329 3013 qui
361 2924 568 3010 antiquitatis
598 2925 687 2988 illius
719 2924 941 2989 excellentiam
970 2929 1003 2990 et
1031 2924 1229 2991 admiramur
1259 2934 1292 2993 et

147 3036 291 3102 studiose
314 3034 548 3118 amplectimur,
570 3037 638 3096 tam
662 3032 775 3116 ignavi
798 3054 909 3096 sumus
937 3037 974 3096 ut
996 3054 1062 3097 non
1084 3033 1292 3100 vehementer

147 3148 335 3228 exoptemus
364 3144 474 3224 atque,
503 3139 597 3204 modo
625 3161 665 3203 ne
690 3138 774 3204 desit
797 3138 1039 3225 opportunitas,
1067 3140 1155 3205 omni
1177 3163 1290 3207 nervo-

147 3273 218 3315 rum
245 3247 426 3314 intentione
455 3246 531 3310 illuc
558 3246 622 3329 ipsi
650 3243 904 3310 contendamus?
949 3245 1003 3310 An
1033 3247 1061 3311 ei
1090 3247 1291 3313 contentioni

147 3357 215 3421 ullo
240 3359 337 3442 pacto
361 3357 529 3439 repugnat,
553 3353 639 3438 quod
658 3352 820 3417 libertatis
839 3353 1083 3438 consectandae,
1106 3377 1291 3441 expugnau-

147 3463 215 3547 dae,
239 3462 462 3546 vindicandae,
491 3461 577 3547 quod
600 3460 766 3543 colendae,
789 3459 959 3544 tutandae,
982 3462 1211 3526 sustentandae
1234 3485 1290 3547 pa·

147 3570 228 3634 triae
266 3572 431 3634 aeternum
470 3568 652 3652 exemplum
686 3565 801 3630 Graeci
833 3565 1035 3652 Romanique
1071 3570 1290 3651 proposuere?

147 3675 199 3740 Au
223 3676 370 3760 denique,
394 3676 421 3740 si
444 3696 512 3738 non
534 3672 774 3757 improbabilis,
798 3676 832 3737 at
855 3693 1094 3757 supervacanea
1116 3677 1225 3739 tamen
1249 3675 1289 3740 ad

147 3782 187 3865 id,
210 3783 296 3866 quod
318 3782 414 3847 hodie
438 3780 652 3845 cummaxime
672 3778 715 3843 sit
733 3779 951 3864 annitendum,
974 3780 1182 3864 antiquitatis
1206 3784 1289 3847 trac-

147 3887 228 3952 tatio
264 3888 369 3952 omnis
404 3886 586 3952 videbitur?
631 3885 727 3951 Esto:
760 3885 938 3970 largiamur
969 3885 1052 3969 quod
1086 3887 1288 3952 concedimus

147 3995 289 4079 minime,
311 4017 377 4059 non
399 3995 518 4059 habere
537 3997 661 4059 veteres
680 3993 765 4077 illos,
788 4013 850 4077 quo
874 3991 989 4057 ceteris
1007 3991 1138 4076 populis
1157 3993 1288 4077 quibus·

147 4101 226 4166 libet
262 4105 443 4185 praestent,
480 4102 669 4187 quicquam,
704 4122 764 4165 nec
801 4099 874 4183 plus
907 4121 1004 4182 quam
1036 4099 1096 4163 hos
1128 4100 1217 4183 ipsos
1254 4103 1288 4166 in

147 4211 275 4272 nostras
298 4208 440 4273 rationes
463 4209 579 4273 valere.
624 4207 713 4292 Ergo
737 4206 927 4272 tantundem
950 4209 1036 4270 certe
1059 4205 1181 4272 valent:
1204 4207 1288 4272 unde

147 4316 326 4380 necessario
351 4317 558 4400 consequitur
580 4315 652 4379 istis
681 4314 810 4398 quidem
833 4313 969 4378 noviciis
993 4311 1154 4378 libertatis
1178 4317 1287 4397 patro-

147 4422 196 4487 nis
223 4444 289 4487 una
317 4444 389 4487 cum
417 4421 623 4506 antiquitatis
652 4421 766 4485 studiis
789 4420 855 4484 illis
877 4419 1062 4485 universam
1085 4440 1155 4485 esse
1177 4442 1286 4487 rerum
