2962 5032
160 318 225 384 446
447 332 709 384 enonaoounuu
733 334 780 383 nn
803 332 1014 384 nnrrournvs

161 504 234 546 cum
257 479 460 565 longioribus
484 502 565 564 quae
588 481 622 546 in
645 502 700 546 eos
723 480 820 565 pedes
839 478 970 565 exeunt)
990 484 1181 544 acuereutur
1201 479 1230 545 in
1247 480 1280 546 ul-

160 588 241 652 tima
265 587 402 670 syllaba:
436 611 517 672 quac
544 589 654 653 omnia
678 610 752 653 cum
778 592 835 653 eut
861 591 1063 672 paroxytona
1093 593 1151 651 aut
1172 609 1280 671 proper·

161 699 303 778 oxytone
330 695 364 757 in
390 694 462 777 ipsa
488 693 601 779 lingue
630 694 767 780 fuerint,
799 717 839 759 ne
868 716 980 759 versus
1008 695 1141 777 quidem
1163 694 1221 758 nisi
1239 694 1282 759 illa

161 800 348 866 condicione
377 821 447 864 esse
476 805 619 884 oxytona
642 823 759 884 passus
783 805 846 886 est,
874 805 911 865 ut
933 801 1103 886 neglectae
1127 800 1190 884 legi
1211 822 1283 866 ercu-

162 908 246 972 satio
275 929 291 970 c
320 928 473 971 concesse
499 908 580 992 legis
610 901 813 992 neglectione
841 913 956 992 perata
985 914 1080 972 esset.
1128 905 1180 971 Sic
1206 907 1284 992 igitur

161 1015 269 1079 evenit
291 1017 328 1078 ut
350 1035 416 1077 non
435 1014 698 1099 improbarentur
721 1014 755 1079 hi
779 1037 930 1079 versuum
955 1015 1070 1097 exitus,
1092 1015 1231 1099 qualium
1249 1013 1282 1076 in·

162 1122 346 1185 credibilem
370 1142 440 1184 csse
465 1121 705 1205 multitudinem
729 1126 870 1186 constat:

258 1280 264 1292 .
323 1279 330 1291 .
388 1241 390 1245 ‘
390 1279 864 1292 ........
918 1229 1036 1292 malem
1060 1250 1187 1294 crucem

258 1386 863 1400 ..........
916 1338 1022 1400 mores
1046 1336 1125 1401 mali

258 1493 866 1506 ..........
920 1444 1065 1507 animum
1088 1464 1195 1506 meum

257 1601 863 1614 ..........
916 1547 1052 1613 incuties
1077 1569 1209 1634 grauem

258 1707 264 1719 .
324 1691 353 1718 .·
391 1706 863 1720 ........
918 1656 1065 1742 fringeres
1089 1660 1182 1720 tuum

259 1813 866 1828 ..........
920 1762 1068 1829 decorari
1089 1764 1166 1829 uolo

258 1920 798 1934 .........
851 1922 864 1962 ι.
918 1871 1091 1935 aneritiem
1114 1892 1221 1933 ineam

259 2026 865 2041 ..........
919 1978 1097 2042 reuenisset
1122 1978 1248 2042 domum

258 2134 862 2148 ..........
916 2085 1100 2149 incensultd
1123 2106 1195 2148 meo

259 2242 863 2256 ..........
918 2193 1175 2275 concrepuerunt
1196 2190 1273 2255 fores

259 2348 862 2363 ..........
916 2298 1147 2383 cestigetorem
1170 2302 1258 2362 tuum

258 2456 864 2471 ..........
918 2406 1160 2490 recuperatores
1185 2406 1268 2471 dedit

164 2546 226 2613 Sed
250 2549 379 2634 longius
403 2549 502 2613 etiam
526 2548 667 2612 eiusdem
691 2548 740 2612 vis
768 2547 904 2613 rationis
928 2548 1047 2631 patuit,
1076 2549 1196 2631 quippe
1225 2568 1295 2633 quae

164 2656 263 2719 etiam
294 2655 334 2719 ad
364 2656 524 2719 tertium
555 2679 574 2718 a
605 2653 685 2718 fine
717 2653 944 2718 vocabulum
976 2654 1184 2736 pertinuerit:
1223 2651 1297 2739 quod

164 2766 341 2845 oxytonum
366 2783 436 2825 esse
460 2784 497 2825 ea
521 2761 709 2825 condicione
733 2761 854 2844 potuit,
886 2765 922 2823 ut
946 2784 964 2823 a
988 2760 1073 2824 binis
1099 2761 1232 2825 vocibus
1255 2783 1297 2823 cr-

92 2888 148 2927 ccx
165 2869 325 2952 ciperetur
348 2870 426 2933 item
451 2874 564 2933 contra
587 2869 850 2933 consuetudinem
870 2868 1001 2952 linguae
1020 2868 1181 2951 oxytonis.
1211 2866 1299 2931 Velut

165 2975 252 3037 Trin.
281 2976 350 3039 100.
378 2976 448 3041 186.
475 2976 545 3039 197.
570 2975 649 3039 800:

261 3167 864 3181 ..........
918 3120 1036 3181 uocent
1058 3118 1146 3181 ciues
1169 3118 1219 3181 tui

261 3273 599 3286 ......
608 3206 620 3231 ’
660 3275 666 3287 .
727 3276 732 3286 .
793 3275 799 3286 .
859 3275 865 3286 .
919 3224 1022 3288 males
1047 3224 1151 3286 fames
1174 3224 1281 3288 ferunt

261 3380 267 3392 .
328 3383 334 3394 .
394 3381 400 3393 .
461 3381 473 3393 ..
527 3381 866 3394 ......
920 3332 992 3394 mee
1014 3333 1100 3394 recte
1124 3331 1206 3395 facis

260 3486 865 3500 ..........
918 3435 971 3500 uti
992 3438 1075 3500 celes
1099 3436 1178 3520 face,

166 3582 198 3641 et
230 3578 264 3640 in
296 3577 511 3643 Bacchidibus
544 3579 630 3643 bonis
657 3581 762 3643 dicent
789 3581 881 3656 necle,
918 3580 1024 3642 utrem
1051 3579 1172 3643 credent
1201 3579 1304 3662 raupa,

164 3685 339 3764 malefecit
361 3707 429 3763 stro,
466 3686 514 3750 crit
535 3687 634 3750 secem
657 3687 763 3762 sierint,
800 3686 888 3750 sines
915 3685 1053 3750 nostrem
1081 3707 1195 3764 seriem,
1233 3685 1304 3767 Opts

171 3791 277 3856 Virtu‘s
305 3793 418 3870 Venus,
450 3794 517 3858 nacci
538 3795 634 3876 anate
655 3795 746 3871 route,
773 3795 855 3858 ualet
878 3797 970 3858 sudet
991 3795 1081 3874 sapit.
1128 3794 1166 3857 ln
1191 3793 1305 3877 quibus

118 3958 140 3981 χ
166 3898 315 3962 omnibus
345 3902 429 3984 quod
458 3901 568 3966 eodem
594 3901 709 3984 pedum
735 3900 847 3965 ordine
876 3901 1085 3984 spondiaca
1112 3923 1175 3965 vox
1201 3900 1305 3965 media

166 4010 215 4069 est
238 4007 323 4070 inter
346 4007 425 4071 duas
450 4008 614 4090 iambicam,
638 4007 670 4071 id
694 4007 821 4091 quidem
847 4006 973 4071 aliunde
993 4029 1186 4090 suspensum
1206 4011 1306 4071 estet

166 4115 329 4198 propriam
355 4115 516 4199 quandam
539 4137 687 4179 caussam
711 4136 803 4177 suem
826 4113 932 4178 habet.
963 4113 1049 4178 Nam
1073 4113 1158 4197 quod
1178 4113 1307 4199 egregie

165 4218 331 4284 Bentleins
356 4220 539 4285 observavit
561 4220 595 4283 in
618 4217 747 4284 Horatii
772 4217 872 4283 Serm.
895 4217 942 4302 ll,
966 4221 997 4302 5,
1011 4220 1081 4302 ·79‚·
1104 4243 1215 4285 rarum
1238 4241 1308 4285 esee

165 4328 200 4389 in
230 4327 344 4409 quinto
375 4325 454 4409 pede
485 4326 603 4389 senarii
634 4326 778 4389 iambum
807 4348 865 4408 pro
894 4326 1050 4409 spondeo,
1081 4326 1114 4390 id
1138 4326 1309 4411 aliquanto

167 4433 350 4496 accuratius
374 4433 419 4495 sic
442 4431 625 4516 definimus,
653 4437 702 4514 ut,
731 4454 803 4497 curn
828 4433 860 4496 in
886 4431 1074 4497 Trinummo
1098 4433 1217 4499 senarii
1242 4434 1312 4520 qui·
