2962 5032
507 125 770 175 xnsunrrmxrs
794 125 999 172 rnxvrrusx.
1253 109 1318 173 387

168 268 211 333 in
234 288 306 333 eum
326 289 354 350 q.
372 267 401 333 li.
424 270 594 351 mutatum,
616 268 651 332 in
673 289 797 332 meram
821 270 928 331 autem
950 267 1132 332 barbariem
1156 291 1175 333 a
1198 266 1318 332 Bothio

165 377 381 459 corruptum,
408 373 500 439 cuius
528 379 746 441 commentum
774 394 863 456 quem
885 374 1002 439 latice
1028 375 1077 438 sui
1106 374 1212 438 simile
1234 373 1317 438 nihil

163 479 277 545 babet
305 480 368 544 nisi
395 479 476 545 alibi
501 480 541 544 ab
567 482 680 546 eodem
703 481 964 547 commendatum
987 482 1157 548 constituet.
1203 480 1319 556 Quam-

169 609 276 672 quam
299 587 369 651 fieri
391 591 600 672 potestate
624 589 820 675 glossemate
844 590 888 654 sit
910 589 1013 668 illum,
1036 591 1188 654 revocata
1211 591 1319 651 autem

172 717 260 779 quae
275 694 438 781 ,exciderit
461 694 589 778 syllaba
613 697 660 761 sic
681 717 794 760 versus
817 680 1097 780 redintegrandis:

265 836 369 913 Quem
392 841 467 901 ante
490 836 614 921 habuit,
637 838 792 921 perdidit:
817 837 916 902 alium
940 841 1016 923 post
1037 835 1116 903 fecit
1137 860 1265 903 nouom.

174 979 240 1044 Vel
265 979 361 1061 Quem
384 981 458 1045 olim
480 980 637 1066 tabells)

655 1299 768 1347 carvr
793 1281 849 1346 XI.

265 1423 346 1490 Tam
380 1425 528 1509 angustis
562 1423 712 1490 cancellis
750 1424 1023 1509 circumscriptam
1061 1446 1131 1490 esse
1168 1426 1318 1490 binarum
1332 1446 1393 1488 uxr.

176 1531 427 1596 consonantium
450 1532 484 1596 in
503 1531 650 1596 confiniis
670 1530 841 1597 verborum
860 1529 1150 1617 correptionem**)
1169 1530 1320 1617 vidimus,

173 1641 297 1703 utnon
320 1639 424 1723 possit
446 1659 513 1703 non
532 1639 693 1702 maximae
713 1637 880 1702 mirationi
894 1659 1013 1724 magna
1027 1638 1242 1723 correptionis
1256 1639 1318 1704 fre·

174 1745 321 1830 quentia'
336 1767 407 1810 esse
433 1745 468 1809 in
499 1745 595 1809 certis
623 1745 805 1828 vocabulis,
838 1745 865 1810 si
898 1766 1099 1810 communem
1132 1745 1319 1829 opinionem

175 1851 357 1936 sequimur,
385 1851 555 1917 admissae.
601 1850 782 1936 Exemplis,
811 1851 887 1937 quid
910 1855 1067 1937 spectem,
1089 1852 1277 1918 monstrabo
1302 1874 1318 1916 e

172 1956 262 2024 Trin.
286 1983 315 2026 v.
338 1960 391 2024 61.
415 1960 488 2024 705.
511 1958 584 2026 958.
609 1958 688 2023 989:
720 1959 792 2023 794.
817 1959 890 2023 810.
915 1960 998 2023 1067
1006 1982 1013 2022 :
1041 1960 1116 2025 336.
1141 1960 1214 2025 678.
1238 1961 1318 2025 953:

218 2099 346 2184 Nempe
368 2101 452 2166 elsim
474 2103 519 2181 tu,
543 2099 648 2184 credo,
671 2122 722 2165 me
745 2098 971 2185 inprudentem
995 2092 1186 2184 obrepseris.

217 2205 294 2272 Non
315 2203 471 2291 euim***)
498 2228 630 2291 possum
655 2204 732 2290 quin
755 2207 944 2272 exclamem:
975 2227 1055 2291 euge
1079 2210 1170 2292 exige,
1193 2205 1319 2291 Lysite-

336 2389 338 2392 .
1025 2312 1082 2395 le‘s,
1106 2312 1212 2377 πάλιν.

219 2399 398 2486 Εἠιῗηιηετο
422 2440 482 2505 ego
506 2441 591 2484 nunc
615 2420 835 2504 sucophantas
859 2418 934 2484 huic
958 2417 1192 2504 sucophantari
1212 2420 1296 2485 uolo.

217 2509 306 2592 Abin
323 2526 400 2593 hinc
421 2527 462 2592 ab
487 2524 611 2592 oculis?
634 2523 696 2591 SY.
720 2528 879 2592 enimuero
900 2528 996 2609 [cuim
1018 2547 1092 2592 uero
1110 2524 1226 2608 Trin.²]
1247 2528 1318 2592 sero

914 2633 1067 2718 quoniam
1090 2633 1154 2698 huc
1178 2634 1319 2700 aduenis.

221 2741 320 2823 Apud
335 2740 511 2825 portitores
531 2726 584 2804 bas
608 2738 790 2825 resignatas
815 2739 887 2804 sibi.

218 2848 318 2930 Apud
337 2846 514 2930 portitores
538 2847 608 2910 esse
631 2846 805 2930 inspectas:
829 2845 973 2930 denique.

217 2953 296 3019 Tibi
312 2953 480 3039 permitto:
494 2952 585 3018 illam
601 2953 735 3017 alteram
749 2953 835 3035 opud
847 2975 907 3037 me,
922 2953 1007 3038 quod
1021 2952 1140 3038 boniet,
1154 2954 1319 3038 apponite.

217 3060 417 3143 quiquidem
431 3082 589 3145 nusquam
603 3062 661 3145 pe‘r
679 3061 833 3125 uirtutem
853 3062 920 3124 rem
936 3060 1105 3145 confregit,
1119 3060 1214 3145 sitque
1236 3066 1318 3148 eget.

215 3167 267 3233 Ne*
291 3167 466 3233 scintillam
488 3168 610 3249 quidem
628 3167 799 3252 relinques,
822 3168 924 3252 genus
944 3167 1000 3252 qui
1019 3167 1199 3251 congliscat
1217 3171 1318 3233 tuum.

217 3273 284 3351 Qus
305 3276 428 3357 quidem
445 3296 512 3339 non
531 3271 662 3340 nouisse
680 3275 814 3359 possim,
837 3272 966 3359 quicum
987 3279 1126 3339 aetatem
1147 3275 1317 3360 exegerim.

168 3418 294 3495 Quibus
319 3417 461 3483 dubitari
484 3419 595 3501 potest
616 3439 693 3480 num
717 3416 797 3481 haec
821 3415 966 3481 addenda
988 3417 1055 3481 sint
1074 3439 1090 3480 e
1110 3440 1139 3480 v.
1157 3418 1228 3481 196.
1243 3418 1319 3482 478.

167 3524 244 3589 557.
268 3525 342 3590 875.
368 3523 463 3588 1030.
490 3522 589 3587 1055:

215 3663 278 3731 Sed
303 3663 380 3750 quid
405 3665 475 3730 ais?
499 3663 575 3750 quid
598 3686 683 3729 nuno
707 3663 827 3749 uirgo?
851 3685 968 3750 nempe
990 3666 1076 3747 opud
1096 3665 1183 3730 te‘st?
1207 3665 1299 3730 Itast.

279 3879 306 3947 ⁴)
330 3879 433 3949 [lnam
450 3895 528 3948 quem
547 3883 609 3933 autc
626 3877 723 3931 babuit
737 3876 875 3944 perdidit,
896 3877 961 3942 fecit
979 3891 1075 3931 novom
1093 3875 1192 3945 Trin.²,
1219 3876 1269 3931 ubi
1288 3895 1317 3933 oe

173 3966 277 4037 Opusc.
290 3967 360 4036 phil.
377 3969 402 4022 ll
415 3986 441 4038 p.
458 3972 509 4022 568
524 3967 607 4022 citius
626 3965 694 4020 dicit
706 3964 856 4020 accessisse
870 3964 1050 4021 Lachmanno
1064 3965 1094 4019 in
1107 3965 1187 4020 Lucr.
1203 3986 1229 4037 p.
1246 3953 1318 4024 116]

258 4055 300 4123 **)
321 4055 375 4125 [cf.
394 4074 421 4125 p.
441 4061 494 4111 385
514 4053 656 4125 annot⁸*]

243 4143 300 4210 **’)
321 4144 459 4212 [Noenum
477 4143 646 4198 ltitscbelius
671 4143 701 4198 in
719 4144 761 4198 ed.
781 4145 844 4213 alt,
863 4143 933 4199 ch.
954 4160 1011 4198 exc.
1030 4145 1149 4202 Plautl
1168 4164 1196 4216 p.
1218 4151 1267 4199 112
1278 4162 1319 4216 sq.

174 4233 249 4287 conl.
268 4250 295 4302 p.
315 4237 350 4287 40
369 4235 398 4287 et
416 4233 517 4304 Opuec.
535 4232 606 4302 phil.
626 4232 650 4285 ll
669 4250 695 4301 p.
715 4239 767 4286 242
777 4234 832 4304 sq]
1410 4218 1416 4235 ⁸

403 4361 408 4369 .
1053 4323 1108 4378 25*
