2962 5032
400 176 402 182 ,
484 132 746 180 nnnuuarrcurs
771 131 978 181 perversas.
1240 116 1306 180 495

164 283 261 362 atquc
279 301 307 343 v.
322 277 387 343 378
403 277 496 360 [410]
511 278 629 359 siquid
644 277 770 341 illorum
786 277 872 360 facit,
892 278 994 358 Qec-dm
1007 278 1037 341 si
1049 276 1121 340 uda
1136 274 1260 363 saciot),
1280 277 1311 340 id

167 385 263 450 aliter
286 385 417 449 institui
444 387 497 447 vix
524 384 693 448 commode
716 385 836 466 potuit:
865 385 920 448 sed
951 384 1035 466 quod
1060 384 1160 448 etiam
1183 385 1217 448 id
1239 406 1310 468 pro·

168 512 288 555 nomen
310 494 444 554 accentu
467 494 568 572 caret,
599 490 630 553 id
654 489 750 554 facilc
775 491 847 573 quis
870 492 1027 555 eiusmodi
1051 513 1122 554 esse
1145 491 1245 572 dicat,
1273 496 1310 556 ut

165 600 211 661 sic
234 598 344 680 potius
363 619 383 659 a
400 601 498 680 poeta
516 596 711 661 collocatum
730 598 893 661 credatur:
916 601 992 678 putu
1016 603 1048 660 tu
1071 619 1119 661 suc
1142 599 1176 661 u
1196 599 1311 680 rapas?

165 704 212 768 Ac
240 703 382 768 fortasse
409 704 457 768 ita
484 703 540 768 ille
569 703 669 767 dedit:
700 726 896 788 quamquam
925 704 1049 787 aliquid
1071 708 1181 768 tamen
1205 703 1311 768 d'elen-

165 811 265 875 sionis
287 810 398 874 nescio
423 833 463 875 an
488 812 589 875 etiam
614 810 707 874 alteri
731 810 940 875 collocationi
963 816 1113 893 paratum
1137 811 1188 874 sit.
1225 810 1312 876 Nam

165 940 238 981 cum
261 917 295 981 in
320 917 407 981 omni
432 938 579 981 sermone
609 917 735 1002 logicus
759 921 909 981 accentus
934 915 985 1003 (ut
1007 918 1171 983 novicium
1194 940 1313 982 nomen

165 1023 307 1109 teneam)
335 1025 542 1109 potissimum
572 1023 710 1107 pendeat
737 1045 776 1087 ex
804 1024 916 1088 ordine
944 1025 1129 1107 verborum,
1158 1024 1198 1089 ad
1229 1024 1312 1089 banc

166 1135 274 1195 autem
302 1131 463 1195 rationem
491 1131 525 1194 in
553 1131 702 1195 versibus
732 1131 835 1195 altera
858 1132 943 1196 ratio
967 1132 1182 1196 acuendorum
1206 1132 1312 1196 notio-

166 1260 243 1301 num
266 1237 409 1321 accedat,
432 1259 514 1321 quae
538 1260 555 1301 e
580 1238 610 1300 vi
636 1238 718 1301 arsis
743 1241 821 1321 apta
843 1243 902 1316 est,
925 1238 995 1302 ficri
1018 1260 1084 1302 non
1104 1242 1215 1321 potest
1233 1239 1311 1321 quin

165 1367 406 1428 nonnumquam
426 1345 616 1429 ambiguum
635 1345 687 1429 sit,
705 1349 781 1409 utra
794 1345 919 1408 ratione
933 1345 984 1409 val
998 1344 1116 1408 fortius
1133 1344 1183 1408 vel
1203 1345 1311 1428 aptius

167 1475 203 1518 ea
225 1474 298 1534 vox,
320 1452 354 1515 in
378 1473 441 1535 qua
464 1453 637 1535 praecipua
659 1452 709 1516 vis
733 1456 784 1515 est
807 1451 1004 1534 sententiae,
1026 1450 1222 1515 intendatur.
1267 1451 1312 1515 Et

167 1559 415 1643 utplerumquc
439 1558 573 1623 sanein
601 1559 748 1622 versibus
778 1559 879 1623 altera
905 1558 990 1622 ratio
1019 1558 1250 1641 praevaluerit,
1279 1557 1312 1621 id

167 1668 250 1751 quod
281 1665 370 1730 omni
401 1665 620 1748 disputatione
649 1671 762 1730 nostra
793 1665 860 1728 iam
893 1666 972 1729 satis
1004 1687 1074 1729 csse
1105 1669 1311 1748 perspectum

167 1774 402 1855 existimamus,
429 1775 539 1836 tamen
569 1772 665 1835 simul
694 1771 870 1835 curandum
899 1772 1001 1836 fuisse
1031 1771 1244 1856 intellegitur,
1277 1776 1312 1834 ut

169 1881 197 1943 ei
220 1881 285 1963 ipsi
307 1879 426 1942 rationi
450 1901 491 1942 ne
514 1879 561 1942 ita
584 1878 758 1942 satisfieret
781 1883 818 1942 ut
840 1882 897 1942 aut
915 1899 1082 1961 perversus
1103 1881 1159 1941 aut
1178 1900 1311 1961 prorsus

167 1988 308 2051 insolens
338 1984 416 2050 ordo
448 1985 620 2050 verborum
651 1985 813 2049 existeret.
864 1983 1048 2048 Absurdum
1078 1985 1185 2048 fuerat
1213 1985 1311 2068 logici

167 2117 239 2159 cum
268 2093 452 2177 rhythmico
480 2096 614 2157 accentu
648 2092 881 2157 consociationi
910 2091 956 2154 sic
984 2091 1174 2176 gratificari:
1206 2093 1312 2155 actum

166 2202 216 2264 det
241 2201 334 2283 quod,
362 2200 426 2263 uo‘u
452 2198 554 2281 babet,
582 2199 633 2262 vel
661 2200 737 2280 quid
760 2198 844 2278 fc‘u't,
871 2198 936 2262 uo'u
957 2199 1034 2280 quid
1052 2197 1137 2282 fetat,
1160 2198 1211 2262 vel
1233 2198 1313 2262 mus

165 2327 218 2370 uec
240 2307 364 2388 prddcst
390 2307 442 2370 ue'c
470 2305 541 2368 tibi:
568 2326 636 2369 non
660 2304 845 2387 absurdum,
868 2303 923 2367 sed
947 2303 1122 2368 molestum
1140 2307 1174 2367 et
1195 2326 1215 2368 a
1238 2326 1312 2369 con·

167 2411 334 2475 suetudine
369 2412 547 2477 abhorrens
575 2432 638 2476 nou
668 2412 723 2475 uo'c
750 2411 835 2494 toupe
862 2410 971 2494 berete,
998 2413 1205 2492 potissumum
1235 2408 1314 2476 stau
1327 2440 1441 2481 conxrx

165 2522 212 2581 mi
233 2520 274 2602 id,
297 2525 333 2583 ut
349 2521 467 2600 parient
488 2520 550 2581 utu
572 2519 601 2583 st
621 2514 781 2602 fateris*):
804 2540 870 2581 non
894 2516 1050 2594 insolens,
1073 2517 1128 2581 sed
1147 2518 1209 2582 nisi
1229 2518 1312 2583 lalli-

167 2647 239 2689 mur
267 2645 332 2687 non
359 2626 576 2689 necessarium
606 2626 682 2705 quiu
712 2630 746 2687 tu
776 2645 824 2687 ute
855 2625 890 2687 td
919 2645 1024 2707 repas,
1057 2624 1184 2708 quando
1213 2626 1311 2689 etiam

167 2755 215 2814 eo,
246 2731 331 2814 quod
356 2731 566 2815 praeponitur
589 2730 675 2816 aliia,
698 2753 775 2814 prae
799 2730 851 2794 his
875 2753 937 2794 vox
960 2752 1104 2815 quaeque
1128 2731 1313 2815 insignitur.

166 2838 279 2922 anue
307 2861 421 2903 caussa
448 2838 510 2902 tuit
537 2860 593 2902 cur
619 2839 684 2902 iam
708 2836 873 2921 Parergon
904 2861 933 2922 p.
957 2838 1022 2901 546
1051 2838 1190 2903 dicerem
1220 2840 1310 2903 dubi·

166 2947 230 3009 tari
260 2968 353 3029 posse
384 2950 490 3010 utrum
514 2945 603 3008 Trin.
627 2969 654 3008 v.
680 2945 744 3009 824
767 2967 818 3028 epo
842 2946 897 3010 tibi
921 2967 962 3010 au
986 2946 1041 3009 titi
1063 2967 1115 3028 epo
1137 2952 1234 3030 poeta
1257 2969 1311 3030 po·

167 3053 298 3116 suisset:
329 3052 384 3115 ubi
413 3075 485 3115 cum
509 3055 639 3135 praeter
661 3055 785 3116 ceteros
813 3051 890 3115 deos
913 3050 1085 3135 Neptunus
1109 3052 1312 3136 insigniatur,

167 3159 326 3244 pedestris
361 3160 488 3242 quidem
522 3159 626 3223 oratio
659 3181 699 3223 ne
732 3159 927 3223 admittebat
960 3159 1088 3242 quidem
1120 3160 1218 3223 aliam
1248 3159 1312 3223 nisi

167 3265 250 3330 banc
279 3265 539 3329 collocationem:
569 3266 670 3346 Atque
699 3266 767 3329 ubi
793 3286 853 3350 epe,
877 3266 1026 3349 Neptune,
1049 3271 1120 3330 oute
1142 3267 1221 3330 alies
1243 3268 1312 3329 (teos

164 3375 265 3455 protis
296 3393 354 3455 apo
379 3377 469 3452 atq-tte
495 3371 587 3435 trabea
615 3393 770 3436 supernus:
799 3372 944 3436 versibus
974 3374 1111 3438 astricta
1139 3372 1236 3436 solita
1262 3375 1338 3435 est·

168 3501 244 3544 sane
273 3479 470 3542 contrarium
500 3477 644 3542 ordinem
673 3479 826 3542 asciscere
854 3479 955 3560 Atque
983 3502 1033 3562 epo
1061 3479 1134 3543 tibi
1162 3477 1314 3559 Neptuue,
1351 3511 1361 3528 κ

168 3587 277 3671 potuit
304 3589 414 3648 tamen
442 3589 478 3648 ut
506 3584 633 3648 videtur
662 3585 759 3648 etiam
788 3585 925 3650 alteram
953 3587 1112 3650 rationem
1142 3607 1213 3648 cum
1241 3583 1313 3666 ipsa

168 3692 311 3776 pedestri
335 3694 480 3757 oratione
503 3697 537 3756 et
560 3693 720 3787 communi
744 3693 975 3756 consuetudine
999 3694 1205 3777 participare.

258 3798 358 3862 Vides
386 3802 513 3863 tantam
542 3798 637 3862 huius
665 3800 793 3882 generis
824 3800 964 3863 universi
995 3799 1208 3863 subtilitatem
1232 3820 1313 3882 esse,

259 3978 284 4043 ²⁸)
309 3973 369 4038 Quo
393 3978 461 4042 puto
485 3974 570 4028 etiam
593 3973 664 4026 illud
688 3974 828 4042 pertinere
851 3991 916 4028 uam
940 3977 980 4042 aie
996 3976 1022 4028 st
1039 3976 1095 4029 uon
1114 3975 1212 4042 licebit,
1238 3973 1312 4041 qnod

169 4083 270 4134 parum
295 4063 440 4118 facilitatis
466 4064 496 4115 et
519 4061 613 4116 nescio
640 4062 707 4129 quid
732 4061 857 4116 affectati
881 4063 1043 4117 babituram
1066 4063 1116 4131 sit,
1142 4063 1166 4116 si
1193 4080 1256 4117 cum
1279 4079 1312 4116 eo

169 4153 375 4222 comparaveris
399 4151 473 4220 quod
496 4168 559 4204 cum
584 4151 712 4219 neglecto
732 4168 798 4205 sane
817 4155 933 4206 accentu
953 4152 1058 4207 dictum
1078 4156 1121 4206 est
1138 4170 1204 4206 rrum
1221 4155 1248 4206 st
1264 4154 1313 4206 sic

168 4245 225 4295 ndu
244 4243 334 4295 licebit
353 4241 427 4294 Tria,
449 4260 472 4293 v.
494 4247 553 4294 465.
