2926 5040
153 321 218 384 472
442 336 703 385 esonsnonsus
730 337 776 382 oa
798 336 1009 385 nsuronrsvs

153 479 286 545 Talibus
315 481 415 565 igitur
444 479 619 545 cavendum
647 485 698 544 est
719 502 760 544 ne
783 480 824 545 ad
847 479 1042 545 severiorem
1068 484 1231 546 accentus
1253 481 1311 547 ob

152 587 378 670 servationem,
401 599 497 671 quam
522 609 604 671 quae
624 587 705 671 ipsis
724 587 831 672 poetis
849 586 981 670 placuit,
1003 608 1166 672 umquam
1186 589 1311 654 exactis

153 693 192 757 de
220 695 473 778 transpositione
501 695 636 759 calidius
666 716 763 778 quam
792 695 928 777 peritius
956 695 1093 779 cogites.
1145 692 1313 779 Ceterum,

152 823 193 865 ne
216 801 278 865 hoc
301 801 576 885 praetermittam,
607 823 626 864 a
649 799 848 865 senariorum
872 799 966 866 initio
991 801 1032 866 ad
1057 823 1154 887 eum,
1184 803 1242 889 qui
1265 802 1313 868 illi

152 907 340 991 respondet,
364 908 622 991 septenariorum
645 909 752 973 locum
775 930 841 973 non
865 908 960 973 modo
983 907 1236 975 trochaicamm
1259 933 1312 974 vo

154 1035 227 1078 cum
251 1017 436 1099 oxytonesis
460 1017 582 1080 tralata
605 1018 665 1098 est,
688 1016 727 1080 de
751 1039 816 1100 qua
834 1038 933 1101 supra
951 1015 1033 1080 satis
1053 1015 1312 1101 disputavimus,

155 1120 210 1184 sed
240 1121 323 1185 raris
354 1122 509 1206 exemplis
541 1121 638 1185 etiam
673 1122 903 1206 dactylicarum
935 1115 1206 1206 paroxytonesis.
1253 1121 1312 1189 cui

154 1226 424 1312 quemadmodum
448 1228 542 1294 elisio
566 1251 631 1293 non
655 1229 786 1294 obstitit
809 1229 841 1294 in
865 1228 923 1293 illo
946 1228 1097 1313 exemplo

243 1369 438 1435 Bacchidem.
463 1370 621 1436 Vtrumne
646 1374 723 1457 e'rgo
795 1423 800 1434 .
861 1423 867 1434 .
928 1423 933 1434 .
994 1423 1000 1435 .
1064 1424 1070 1436 .
1136 1425 1143 1436 .

156 1513 204 1578 ita
227 1512 309 1577 nihil
333 1513 481 1598 impediit
504 1514 675 1598 quominus
699 1533 868 1598 pcxnvm
888 1515 980 1596 [394]
1000 1513 1226 1599 Captivorum
1246 1540 1312 1582 ver·

155 1642 227 1684 sum
252 1620 367 1685 abhis
391 1621 498 1685 verbis
522 1621 714 1686 ordiremur:

1209 1427 1215 1438 ⁹
1234 1426 1243 1458 7

244 1761 313 1827 Te‘n
337 1783 436 1848 negas
458 1760 462 1847 Ι
485 1763 667 1846 Tyndarum
690 1765 787 1829 esse?
833 1764 926 1850 Nego
951 1787 1011 1851 ego
1069 1817 1075 1829 .
1142 1819 1148 1830 .
1212 1819 1218 1830 .

63 1928 141 1969 eoru
245 1904 350 1970 Multo
384 1909 492 1970 autem
525 1906 629 1970 maior
659 1907 793 1971 libertas
824 1929 896 1971 cum
928 1907 991 1992 ipsi
1021 1909 1192 1993 cretico,
1225 1911 1312 1975 cuius

156 2033 226 2076 cum
252 2012 380 2076 senario
404 2013 631 2078 coniunctione
656 2014 860 2097 septenarius
883 2013 1044 2099 nascitur,
1068 2016 1313 2099 concederetur,

156 2119 258 2184 mixta
280 2118 377 2184 huius
400 2120 504 2204 partis
528 2124 561 2185 et
584 2120 652 2184 eius
677 2143 758 2205 quae
782 2142 854 2186 eam
879 2120 999 2204 excipit
1015 2121 1157 2188 licentia
1176 2123 1312 2188 incredi-

156 2227 231 2292 bilis
255 2230 327 2294 orta
350 2232 400 2291 cst
422 2248 631 2291 numerorum
651 2228 801 2312 varietas,
823 2229 950 2313 qualem
970 2228 1023 2293 vix
1043 2228 1152 2294 ullum
1173 2234 1313 2295 metrum

156 2355 232 2417 prae
264 2355 297 2397 se
327 2333 400 2398 fert
445 2332 513 2398 Nec
547 2334 663 2398 mimm
695 2335 951 2420 septenariomm
979 2335 1020 2399 ab
1051 2336 1154 2402 initio
1179 2337 1314 2402 licentia

157 2440 296 2504 multum
321 2441 521 2505 senariorum
544 2442 709 2507 licentiam
730 2442 885 2527 superari,
908 2464 991 2526 cum,
1014 2465 1080 2527 qno
1101 2444 1162 2528 qui
1181 2443 1314 2529 longior

157 2568 270 2610 versus
294 2552 353 2630 est,
376 2570 414 2611 eo
438 2548 511 2632 plus
535 2547 633 2632 spatii
660 2553 693 2612 et
715 2549 826 2633 copiae
846 2570 1035 2614 concessum
1056 2549 1102 2614 sit
1121 2550 1166 2614 ad
1184 2552 1313 2637 neglec-

158 2656 210 2717 tae
235 2654 316 2718 artis
341 2655 552 2720 offensionem
576 2678 687 2719 rursus
712 2656 949 2721 obscurandam
972 2660 1006 2720 et
1028 2660 1206 2741 tamquam
1232 2680 1313 2722 com·

158 2761 369 2844 pensandam:
403 2784 478 2825 nam
509 2761 589 2826 haec
621 2785 696 2826 vera
726 2785 841 2827 caussa
872 2765 921 2826 est
950 2784 1008 2826 cur
1036 2763 1113 2846 plus
1145 2765 1189 2829 ab
1222 2765 1313 2829 initio

158 2870 329 2951 quamve]
354 2869 387 2932 in
411 2868 516 2933 medio
541 2870 591 2932 vel
616 2869 648 2932 in
673 2873 817 2934 extremo
842 2892 935 2935 versu
958 2869 1081 2934 liceret.
1131 2870 1180 2935 Vt
1206 2878 1312 2937 autem

159 2976 298 3057 primum
327 2976 365 3039 de
394 2977 465 3059 ipso
495 2977 640 3041 cretico
669 2977 727 3042 illo
757 2999 901 3042 seorsum
925 2976 1045 3060 dicam,
1074 2978 1312 3043 recordandum

159 3085 209 3144 est
235 3081 286 3144 his
314 3102 387 3144 eum
416 3083 557 3146 metricis
585 3082 698 3166 figuris
729 3084 862 3167 variari,
895 3106 974 3168 quas
1004 3083 1093 3149 infra
1125 3086 1223 3168 posui
1256 3107 1314 3149 una

160 3208 232 3250 curn
255 3187 454 3272 insequentis
478 3189 578 3252 iambi
602 3188 715 3253 formis
740 3191 881 3255 vicariis:

578 3353 593 3363 .
621 3337 639 3361 o
667 3331 682 3362 a
729 3314 736 3373 ll
791 3339 809 3363 o
845 3355 861 3362 -
898 3329 915 3364 α

505 3401 531 3452 Α
568 3412 604 3451 ὼ
621 3426 640 3451 υ
667 3420 683 3450 L
729 3356 737 3465 l
792 3446 807 3453 ,
846 3421 862 3452 r
900 3405 914 3465 β

622 3516 640 3540 υ
666 3500 694 3540 ,J
735 3470 737 3505 l

505 4023 533 4075 D
579 3980 685 4075 rudis
732 4030 739 4099 ll

581 4125 696 4164 qu'a)

163 4244 238 4286 nam
271 4231 393 4271 “ww
429 4228 461 4285 et
493 4230 635 4270 νὐυυὼ
668 4222 708 4285 ab
742 4222 937 4305 reliquarum
971 4221 1141 4288 societate
1175 4227 1320 4291 exclusas

164 4350 235 4392 esse
250 4333 385 4411 constat,
400 4327 483 4412 quod
504 4349 567 4391 non
588 4332 697 4410 potest
715 4328 857 4393 trochaei
876 4329 982 4392 locum
1002 4330 1321 4412 proceleusmaticus

168 4435 336 4499 sustinere.
369 4435 490 4510 Quodsi
515 4435 685 4499 verborum
711 4435 839 4499 ordines
863 4435 895 4499 hi
920 4439 1001 4500 sunt
1025 4441 1064 4500 ut
1088 4438 1235 4505 creticus
1259 4462 1320 4503 uuo
