2962 5032
176 281 241 346 346
464 298 720 347 rsonuaouuna
744 300 792 346 oa
814 299 1023 348 sarrouruvs

176 445 305 525 reperta
327 460 433 504 uersam
451 430 586 506 melioris
606 442 686 522 facit
708 464 737 507 v.
762 442 836 522 707,
864 441 914 506 vel
938 443 1159 508 nominativos
1182 444 1316 526 plerique

177 549 278 612 omnis
301 547 352 630 29,
375 548 476 611 caenis
498 548 638 612 mortalis
661 544 780 633 212.*)
796 585 837 594 -
861 548 1030 613 Postremo
1055 550 1208 633 quoniam
1232 572 1318 634 prae·

178 655 271 719 video
291 654 360 719 fore
378 654 434 738 qui
453 654 491 718 de
509 655 532 719 d
549 655 605 719 illo
621 654 861 740 ‘paragogico',
884 656 918 719 iu
937 656 1022 740 quod
1045 656 1197 721 infestius
1220 679 1320 741 nuper

179 758 384 824 Hermannus
408 761 572 825 consuluit
594 761 695 845 praef.
717 763 753 826 in
778 761 894 827 Bacch.
917 784 948 846 p.
971 761 1035 827 VII
1059 763 1091 827 in
1116 764 1253 848 ipsaque
1276 765 1320 828 fa·

180 867 274 931 bulae
296 866 391 931 huius
415 868 588 947 διορθώεει,
612 868 763 932 iudicium
783 890 890 933 meum
910 870 1129 934 sciscitentur:
1152 871 1215 935 etsi
1239 871 1322 936 hanc

112 995 247 1040 xc1rem
271 974 430 1058 quasdam
451 973 570 1038 habere
594 974 759 1038 cautiones
784 979 871 1059 puto,
891 997 970 1060 quas
994 975 1073 1039 alibi
1096 977 1253 1061 aperiam,
1275 981 1322 1042 ts·

179 1103 252 1145 men
283 1081 464 1167 generatim
494 1081 619 1145 definiri
649 1081 711 1145 hoc
741 1085 850 1165 potest
880 1086 916 1146 ut
946 1082 1258 1166 exploratissimum,
1290 1085 1323 1148 in

178 1187 364 1252 Plautinam
395 1192 497 1251 artem
529 1209 566 1252 ex
598 1188 804 1272 antiquitatis
833 1189 1062 1253 consuetudine
1091 1189 1161 1254 sola
1189 1191 1324 1255 medat

179 1297 237 1360 ted
262 1296 454 1379 pronomina
482 1271 637 1360 triensisse
665 1295 754 1360 nullo
783 1295 920 1361 ablativi
948 1297 1188 1380 accusativique
1212 1297 1322 1361 discri-

178 1401 273 1485 mine,
297 1402 379 1467 alius
403 1403 491 1467 vocis
516 1402 627 1466 eodem
650 1402 847 1467 incremento
872 1407 986 1468 auctae
1009 1403 1127 1468 nullius
1151 1404 1202 1467 vel
1227 1403 1322 1468 fidem

178 1509 228 1572 rel
257 1509 430 1594 vestigium
459 1532 543 1593 esse,
574 1532 614 1573 ne
642 1510 782 1594 gemella
809 1510 937 1594 quidem
964 1511 1017 1575 scd
1041 1510 1149 1575 forma
1178 1514 1321 1594 excepta.

180 1615 284 1691 Quam
308 1617 467 1681 rationem
492 1616 584 1680 unice
608 1636 717 1679 veram
740 1616 920 1681 rectissime
939 1617 1023 1681 idem
1044 1617 1098 1681 ille
1117 1615 1323 1682 Hermannus

178 1743 236 1805 per
250 1726 356 1787 totum
371 1722 615 1787 Elementorum
629 1721 749 1786 librum
765 1724 904 1787 tenebat.
928 1723 966 1788 In
980 1724 1169 1788 Trinummo
1185 1724 1323 1789 addendi

177 1831 370 1894 doaussam
394 1851 457 1893 non
481 1829 591 1893 inveni
614 1832 743 1912 praeter
767 1831 815 1894 ted
837 1852 865 1893 v.
885 1830 964 1894 311:
989 1853 1126 1914 quocum
1150 1832 1190 1895 cf.
1214 1836 1322 1897 annot.

178 1958 207 2001 v.
231 1936 305 2001 582.
330 1935 455 2023 613.**)
502 1934 564 2001 Sed
588 1936 640 2000 bis
664 1937 768 2000 sentio
792 1937 932 2001 maiam
956 1938 995 2002 ad
1019 1939 1203 2022 proximum
1228 1942 1323 2023 caput

179 2042 319 2107 avocari.

659 2150 770 2198 carus
793 2132 848 2198 IX.

266 2274 426 2340 Peculiari
462 2275 548 2339 enirn
584 2275 689 2358 capite
724 2275 829 2340 visum
858 2280 908 2340 est
936 2298 1038 2361 genus
1067 2299 1161 2342 omne
1190 2277 1321 2343 ortho-

181 2381 405 2466 graphicum
440 2381 552 2466 paucis
585 2382 765 2465 complecti.
817 2382 908 2458 Quod
940 2406 1011 2448 cum
1042 2384 1134 2448 valde
1164 2385 1321 2449 lubricam

178 2491 405 2555 tractationem
431 2490 464 2554 in
489 2490 654 2573 omnibus,
681 2493 750 2552 tum
774 2491 881 2575 magis
904 2491 1063 2556 lubricam
1087 2492 1120 2554 in
1143 2495 1211 2556 tam
1236 2493 1319 2557 anti-

178 2619 240 2680 quo
270 2598 428 2680 scriptore
456 2596 562 2660 habet.
609 2595 657 2659 Ac
686 2618 794 2659 veram
818 2595 989 2660 Plautinae
1019 2598 1136 2662 aetatis
1160 2599 1320 2663 scribendi

178 2702 442 2766 consuetudinem
471 2703 526 2786 qui
557 2702 779 2766 ratiocinando
803 2702 990 2787 indagatam
1014 2703 1175 2792 Plautinis
1199 2726 1321 2769 comoe-

178 2809 239 2873 diis
269 2831 353 2873 nuno
382 2809 553 2873 obtrudere
582 2809 944 2890 instituat‚'vercndum
968 2811 1073 2875 sitne
1097 2834 1161 2875 non
1187 2812 1321 2874 multum

180 2916 330 2979 absimile
359 2915 500 2981 Homero
529 2915 696 2999 Payniano
726 2921 907 2981 monstrum
936 2918 1078 2982 editurus
1109 2919 1158 2981 sit
1206 2918 1321 2994 Quam·

179 3044 275 3104 quam
305 3023 443 3086 vidimus
475 3023 530 3106 qui
555 3023 643 3085 velut
666 3022 717 3087 bis
741 3027 907 3107 tamquam
932 3023 1097 3088 Musarum
1122 3026 1246 3090 deliciis
1271 3048 1321 3089 vc-

176 3127 337 3210 ncriisque
361 3129 612 3193 amoenitatibus
637 3129 813 3213 legentium
838 3131 939 3212 oculis
964 3131 1201 3197 blandirentur:

337 3251 485 3316 Floorem
510 3253 704 3338 acglaabant
727 3251 871 3317 Leiberei
896 3277 950 3318 cus
976 3256 1176 3320 carclrcsicis.

336 3358 429 3442 Egon
453 3379 587 3440 puerom
611 3358 721 3422 iudam
746 3358 864 3423 ancilai
889 3359 1062 3424 lactentem
1088 3363 1179 3427 meai.

339 3465 420 3529 Tum
445 3469 553 3528 autom
578 3465 752 3530 lascciuom
777 3463 912 3530 Nearcei
938 3467 1071 3531 scimom
1097 3490 1203 3552 pecus,

180 3589 241 3654 Sed
270 3591 320 3654 his
349 3590 457 3653 missis
488 3588 651 3654 Saliorum
681 3590 894 3654 cruditatibus
923 3591 1151 3678 horridulaque
1181 3600 1325 3658 senatus·

176 3697 396 3761 consultorum
430 3696 650 3760 sollemnitate
684 3697 946 3761 columnarumve
979 3701 1128 3783 robigine
1157 3700 1189 3763 id
1213 3703 1323 3784 potius

178 3825 312 3888 agamus
336 3808 385 3888 ut,
418 3803 545 3886 qualem
570 3804 736 3886 aliquanto
760 3804 893 3887 politior
916 3810 1005 3869 aetas
1030 3805 1179 3870 Plautum
1204 3808 1324 3891 legisse

178 3909 340 3993 videatur,
373 3909 477 3993 quoad
502 3911 569 3973 cius
593 3909 663 3971 fieri
687 3910 794 3992 possit
818 3933 1051 3995 recuperemus,
1098 3912 1211 3996 Neque
1236 3915 1322 3978 enim

187 4018 591 4120 “b[C—fbacbmannum
610 4048 638 4101 in
657 4048 738 4105 Lacr.
755 4067 783 4118 p.
804 4054 838 4103 66
866 4052 1106 4120 Ritschcliumque
1126 4051 1227 4122 Opusc.
1254 4053 1322 4122 phil.

176 4137 201 4190 ll
230 4181 247 4189 ..
269 4144 327 4192 631.

221 4155 286 4294 plui)
307 4137 510 4297 [demutatam
529 4227 629 4295 postca
647 4228 816 4282 sententiam
831 4229 866 4283 de
881 4231 900 4283 d
914 4230 963 4283 illo
981 4228 1175 4298 ‘paragogico’
1196 4230 1326 4285 defendit

176 4313 345 4366 Ititsobclius
363 4314 392 4367 in
413 4312 502 4366 ‘Neue
521 4312 709 4368 Plautiniscbe
730 4315 862 4371 Excurse'
880 4318 891 4369 I
911 4318 978 4387 Lips
1004 4324 1071 4371 1869
1092 4321 1121 4371 et
1141 4319 1241 4387 Opusc.
1254 4320 1323 4388 phil.

175 4400 215 4454 ΙΙΙ
233 4419 260 4470 p.
282 4408 332 4455 120
342 4419 401 4471 sqq.
440 4401 479 4455 cf.
500 4420 526 4471 p.
546 4415 632 4456 cxcv.
652 4405 817 4474 cccxxxii]
