2962 5032
416 203 681 253 nunnusvronrs
705 204 913 253 rnnvunvnn.
1170 188 1235 252 409

90 349 155 414 hoc
179 347 226 412 eis
250 368 420 414 commune
443 352 493 412 est
521 369 593 413 cum
621 351 736 432 quarto
765 367 896 432 genere,
924 347 965 412 ad
988 346 1074 432 quod
1097 348 1163 412 ianr
1186 351 1237 413 est

90 453 335 520 transeundum.

555 651 667 699 onvvv
690 631 778 697 XIII.

183 757 335 844 Sequitur
364 759 450 823 enim
478 762 516 823 ut
538 756 578 822 de
606 757 856 842 correptione
884 760 1088 843 longarum
1116 759 1236 843 sylla·

94 864 230 930 barum
252 865 386 950 dicatur,
406 868 439 930 et
455 865 597 950 primum
617 864 746 950 quidem
767 865 805 929 de
824 866 1026 950 correptione
1046 866 1237 931 vocalium

91 967 323 1057 finalium*).
346 971 474 1037 Licebit
492 975 601 1037 antem
623 971 658 1037 in
682 971 744 1036 hoc
767 994 895 1057 quoque
919 993 1037 1059 genere
1060 972 1238 1038 multitudi-

92 1101 169 1144 nem
198 1080 419 1164 eremplornm
447 1079 567 1164 partim
596 1078 817 1145 confessorum
845 1081 963 1164 partim
992 1081 1044 1145 vel
1073 1079 1239 1145 addubita-

90 1191 203 1251 torum
226 1186 277 1251 vel
300 1186 369 1252 sine
392 1186 506 1272 regula
528 1186 717 1270 vagantium
741 1186 836 1250 unius
855 1186 938 1272 legis
959 1187 1122 1251 communi
1142 1187 1239 1252 socie-

91 1296 163 1357 tate
186 1294 464 1377 comprehendere.
509 1291 546 1357 In
576 1294 693 1378 vulgus
722 1296 850 1359 constat
873 1293 911 1357 de
935 1293 1091 1378 correptis
1120 1294 1239 1377 impe·

90 1399 240 1464 ratiris
266 1421 355 1485 roga
383 1400 466 1464 iube
491 1399 566 1478 obi,
598 1398 654 1483 qui
682 1420 753 1465 eam
777 1399 963 1484 prosodiam
987 1403 1118 1464 servant
1142 1400 1238 1464 etiam

90 1528 168 1570 cum
193 1506 303 1572 addita
324 1528 363 1572 ne
385 1506 545 1591 particula
563 1511 713 1571 crescunt
735 1507 767 1571 in
791 1528 907 1590 ropac
929 1507 1037 1572 iubeo
1060 1506 1160 1571 abia:
1184 1527 1240 1570 cnr

43 1687 61 1708 ·
89 1635 274 1697 numquam
303 1616 486 1699 correptam
514 1614 663 1678 ultimam
690 1615 808 1679 danaae
834 1614 901 1677 ride
923 1613 1000 1677 occdi
1021 1613 1133 1677 introeo
1155 1613 1239 1677 edoce
1250 1634 1346 1675 cnxvr

87 1720 210 1785 aduae-r·
232 1719 437 1819 habuerunt?
468 1719 686 1805 Designatum
710 1725 759 1786 est
781 1722 865 1786 dedi
887 1725 925 1785 ut
946 1718 1127 1804 pyrrhichii
1152 1741 1238 1784 men·

91 1849 207 1892 suram
237 1827 374 1893 habens:
412 1848 470 1893 cur
500 1849 566 1892 non
600 1826 691 1892 brevi
724 1829 737 1892 i
769 1828 874 1893 vocali
906 1827 1027 1892 rataldi
1049 1829 1159 1892 amara
1179 1828 1239 1908 feci

88 1932 183 1996 dicta
206 1933 302 1998 sunt?
347 1930 423 1997 Non
446 1932 614 1997 dubitatur
638 1932 677 1996 de
700 1933 783 1998 aoid
805 1932 870 2016 apd
893 1933 964 1997 cri:
987 1954 1043 1997 cur
1066 1933 1239 1999 nemodum

89 2042 247 2122 correpta
273 2040 337 2105 dico
364 2040 438 2105 duod
464 2040 559 2123 copiti
580 2039 702 2123 postult
729 2039 828 2105 oenscd
855 2040 964 2104 amabi
986 2040 1146 2123 protulit?
1193 2040 1240 2105 Vt

90 2167 161 2210 uno
185 2146 282 2211 verbo
306 2145 424 2211 dicam:
456 2146 496 2211 in
520 2147 691 2212 vocalem
721 2150 904 2211 exerentes
934 2147 1136 2212 verborum
1158 2147 1238 2212 for·

90 2275 176 2317 mas
203 2252 391 2318 iambicus
422 2253 586 2338 quaslibet
614 2256 702 2318 vitae
730 2253 928 2319 consuetudo
955 2275 1054 2339 passa
1077 2258 1127 2319 est
1155 2276 1240 2320 cor·

90 2361 204 2442 repta
227 2358 365 2424 ultima
386 2361 601 2445 pronuntiari.
630 2362 736 2445 Atque
758 2361 820 2426 hoc
843 2360 925 2425 illud
949 2364 1007 2443 est,
1032 2361 1117 2445 quod
1141 2383 1239 2447 supra

91 2464 276 2550 significavi
306 2466 509 2531 verborum
542 2466 738 2531 limitibus
771 2467 931 2531 finitum
963 2488 983 2530 a
1014 2467 1239 2533 nominibus

91 2570 261 2636 excludi:
284 2572 349 2636 uisi
372 2573 457 2657 quod
481 2573 587 2638 solum
612 2596 650 2638 ex
674 2573 824 2638 omnibus
848 2574 977 2638 casibus
1000 2573 1239 2638 nominativum

91 2678 211 2743 tertiae
240 2678 464 2744 declinationis
493 2681 526 2744 in
555 2700 572 2744 o
600 2681 799 2745 desinentem
826 2681 860 2745 in
888 2681 1019 2745 illorum
1050 2682 1240 2746 societatem

95 2785 235 2850 ascitum
259 2808 329 2852 csse
351 2787 454 2852 bomo
478 2809 540 2853 vox
563 2787 715 2870 ostendit,
738 2787 929 2873 saepissime
953 2790 1102 2872 correpta
1124 2789 1240 2853 ultima

92 2893 213 2975 posita.
236 2892 357 2958 Verum
371 2916 547 2978 numquam
567 2894 746 2979 pyrrhichii
765 2915 948 2959 mensuram
963 2895 1014 2958 vel
1032 2915 1119 2960 rceoro
1132 2915 1240 2974 serrrw,

94 2999 149 3064 vel
172 2999 234 3064 loco
257 3005 339 3065 maa
354 3002 448 3084 probi
471 3006 504 3066 et
527 3001 647 3066 similia
670 3006 827 3087 aequant:
850 3023 927 3066 nam
951 3002 1037 3086 quod
1060 3001 1177 3069 Bacch.
1202 3002 1241 3087 V,

95 3107 127 3189 2,
140 3106 183 3171 47
207 3104 377 3190 legebatur
392 3108 503 3190 probri
520 3109 716 3191 poilecmroe,
739 3114 815 3193 post
837 3111 1037 3194 praeclaram
1060 3109 1240 3176 Hermanni

95 3211 355 3278 emendationem
378 3234 443 3278 non
466 3214 539 3298 plus
564 3215 650 3279 valet
674 3238 770 3300 quarn
793 3239 896 3300 pauca
918 3217 1076 3302 quaedam
1099 3217 1152 3281 vel
1175 3240 1240 3282 am·

95 3319 197 3404 higna
214 3319 266 3384 vel
281 3320 401 3386 vitiosa
420 3321 495 3404 alia,
518 3344 535 3386 e
554 3344 690 3406 quorum
708 3344 843 3388 numero
862 3323 926 3388 iarn
946 3345 1046 3406 supra
1064 3323 1239 3389 exemimus

96 3427 144 3490 cri
165 3428 244 3490 meet
266 3429 338 3492 coni
359 3449 425 3492 nna
447 3450 520 3492 cum
542 3430 609 3494 seni
631 3429 714 3493 domi
737 3429 812 3495 bono
830 3430 924 3508 mola,
947 3430 1025 3494 item
1047 3449 1128 3494 nouo
1146 3430 1240 3508 brari,

96 3532 174 3598 hinc
203 3532 403 3598 alienissima
431 3535 552 3617 omnia,
586 3535 733 3619 quamvis
763 3558 782 3599 a
809 3535 1002 3620 quibusdam
1026 3539 1145 3600 temere
1169 3557 1240 3619 per·

96 3639 195 3704 mista
218 3643 316 3724 atque
339 3640 482 3705 confusa.
527 3641 630 3725 Ergo,
660 3641 738 3705 illuc
761 3645 798 3705 ut
822 3642 964 3725 redeam,
987 3664 1053 3707 non
1078 3664 1115 3706 ex
1139 3642 1240 3726 impe-

95 3745 194 3810 rativi
217 3746 423 3831 potissimum
447 3750 565 3811 natura
588 3747 795 3830 repetendum
819 3748 972 3831 estquod
991 3749 1151 3834 corripere
1170 3750 1241 3814 aide

96 3853 168 3917 nale
190 3856 223 3916 et
245 3855 352 3917 cetera
373 3853 479 3937 licuit,
507 3853 564 3918 sed
588 3875 605 3918 e
628 3853 819 3938 prosodiaca
841 3856 959 3919 natura
981 3859 1166 3939 temporum
1190 3856 1240 3920 vel

97 3959 267 4024 modorum
290 3960 516 4044 quorumlibet.
546 3962 597 4026 Ae
616 3983 656 4027 ne
676 3961 804 4045 saepius
827 3960 956 4046 quidem
980 3984 1077 4047 quam
1099 3963 1240 4047 reliquas

96 4066 220 4130 formas
248 4066 338 4131 verbi
365 4068 454 4150 ipsos
483 4090 554 4132 esse
581 4068 791 4152 imperativos
821 4072 987 4152 correptos
1014 4068 1090 4133 hinc
1117 4070 1241 4134 intelle·

97 4173 199 4257 gitur,
227 4173 311 4257 quod
341 4177 397 4237 aut
425 4174 523 4238 latius
548 4179 692 4238 autnon
716 4174 822 4238 minus
847 4174 912 4239 late
937 4175 1060 4257 primae
1083 4197 1240 4260 personae

187 4313 215 4381 *)
234 4309 289 4383 [Ol.
310 4311 411 4382 Opnsc.
431 4311 499 4383 phil.
520 4314 559 4367 lV
577 4332 604 4384 p.
624 4319 739 4384 402sq.;
761 4314 786 4368 Il
805 4313 891 4383 praef.
910 4332 936 4384 p.
956 4314 998 4387 ra]
