2962 5032
497 345 758 398 suannicioms
782 345 989 398 rnivrmir.
1258 328 1323 399 435

160 491 227 556 vel
256 492 291 558 in
319 494 385 558 arsi
414 494 542 577 syllaba
570 515 686 578 anceps
714 493 826 573 habet,
854 495 973 580 quippe
997 495 1031 559 in
1054 493 1176 560 exitum
1199 495 1322 559 ordinis

164 598 356 684 rhythmici
387 601 545 666 incidens:
584 607 698 666 contra
730 602 764 665 in
796 601 914 666 senarii
946 601 1076 666 iambici
1109 622 1254 686 caesura,
1286 607 1323 667 ut

169 728 261 790 quae
288 708 322 772 in
350 707 491 772 medium
521 709 667 774 ordinem
691 707 910 793 rhythmicum
933 709 1055 773 incidat
1077 706 1219 795 (quando
1243 710 1323 773 iam·

169 812 267 878 bicos
297 835 367 879 esse
397 815 528 880 iambici
559 837 671 880 versus
699 815 827 880 ordines
857 819 999 899 oportet,
1027 837 1092 880 non
1116 814 1323 901 trochaicus),

172 919 288 985 hiatus
316 922 422 1012 locum
450 919 515 986 non
544 922 669 987 habuit.
716 922 819 998 Quam
843 944 993 987 caesurae
1017 923 1067 986 vel
1091 923 1156 987 vim
1183 923 1233 987 vel
1257 945 1323 988 non

174 1026 244 1091 rim
269 1029 420 1093 ficticiam
444 1050 509 1093 non
533 1050 602 1094 esse
631 1029 812 1094 luculenter
834 1029 910 1093 hinc
934 1033 1081 1113 apparet,
1108 1030 1193 1113 quod
1221 1030 1322 1095 sicubi

177 1155 345 1198 caesuram
364 1136 415 1200 vel
434 1134 617 1200 trochaicus
637 1135 688 1200 vel
706 1137 802 1221 longe
821 1136 969 1220 plurimis
990 1136 1145 1220 exemplis
1164 1137 1322 1202 iambicus

179 1243 368 1306 tetrameter
394 1264 461 1307 non
488 1245 564 1326 post
591 1246 740 1307 octavam
767 1240 867 1307 habet
895 1243 951 1307 sed
979 1247 1055 1326 post
1081 1265 1200 1307 nonam
1225 1242 1323 1327 sylla·

178 1346 262 1432 bam,
280 1348 311 1413 h
331 1371 356 1414 e.
375 1371 441 1414 non
459 1349 493 1412 in
512 1349 576 1412 fine
599 1349 775 1433 rhythmici
800 1349 921 1433 ordinis
941 1350 995 1414 sed
1015 1350 1049 1413 in
1075 1349 1180 1414 medio
1204 1350 1323 1429 ordine,

180 1475 242 1519 non
266 1477 422 1539 nmquam
443 1455 549 1520 hiatui
576 1456 667 1520 locus
696 1477 865 1521 concessus
896 1459 953 1520 est.
995 1453 1116 1531 Quodsi
1139 1456 1173 1519 in
1197 1455 1322 1520 creticis

180 1561 323 1625 versibus
346 1562 473 1627 hiatum
497 1562 549 1626 vel
573 1563 734 1647 syllabam
758 1562 931 1647 ancipitem
955 1583 1019 1626 non
1042 1562 1229 1646 principalis
1252 1566 1322 1626 tan·

179 1670 245 1732 tum
271 1689 405 1734 caesura
427 1669 528 1735 totius
552 1692 674 1754 versus,
698 1669 753 1734 sed
778 1669 923 1754 singulae
948 1690 1098 1734 caesurae
1116 1668 1250 1753 podicae
1268 1669 1322 1734 ad·

175 1776 345 1860 miserunt,
368 1776 452 1861 quod
476 1776 599 1842 factum
619 1799 688 1841 esse
711 1775 889 1863 constat*),
911 1775 973 1841 hoc
992 1799 1009 1840 e
1029 1777 1188 1861 singulari
1207 1781 1324 1842 natura

174 1883 289 1947 cretici
313 1884 437 1947 numeri
458 1884 669 1966 repetendum
694 1887 752 1967 est,
775 1884 866 1948 euius
890 1884 1011 1969 singuli
1035 1883 1132 1967 pedes
1155 1887 1322 1968 tamquam

169 1989 386 2054 catalecticos
420 1991 547 2055 ordines
580 1990 738 2075 efficiunt,
772 1991 827 2055 sed
861 1990 901 2054 ad
931 1991 1142 2056 iambicorum
1171 2013 1322 2056 versuum

170 2094 458 2161 trochaicorumve
482 2097 611 2163 ordines
634 2098 722 2162 nullo
747 2101 843 2181 pacto
866 2098 1135 2163 transferendum.
1181 2096 1251 2174 Quo
1275 2103 1322 2164 ta·

169 2223 255 2267 men
278 2203 370 2287 gravi
395 2226 502 2269 errore
531 2203 651 2268 irretiri
674 2227 709 2268 se
733 2204 868 2290 Lingius
892 2227 1021 2289 passus,
1049 2205 1125 2269 dum
1149 2205 1323 2270 trochaicis
1359 2190 1362 2197 ’

167 2309 344 2374 ordinibus
363 2310 519 2375 iambicos
537 2333 649 2375 versus
669 2311 845 2395 dimetitur,
864 2333 901 2376 eo
921 2312 1068 2394 pervenit
1087 2315 1124 2375 ut
1141 2333 1207 2376 non
1226 2311 1322 2377 modo

168 2416 211 2479 in
236 2437 369 2481 caesura
392 2417 600 2502 senariorum,
624 2417 679 2481 sed
703 2418 738 2482 in
761 2418 823 2482 fine
842 2419 995 2504 cuiusque
1015 2417 1164 2502 dipodiae
1183 2417 1321 2484 trochai-

175 2545 236 2587 cae
266 2523 335 2586 sive
363 2523 573 2589 iambicorum
603 2524 671 2588 sive
698 2522 934 2588 trochaicorum
961 2546 1112 2589 versuum
1138 2525 1321 2611 legitimum

174 2651 249 2694 esse
273 2630 400 2695 hiatum
425 2631 487 2695 sibi
511 2630 727 2714 persuaderet.
769 2628 840 2706 Qua
862 2631 1008 2694 doctrina
1030 2631 1091 2696 etsi
1116 2631 1247 2697 modum
1270 2654 1321 2696 ve·
1336 2654 1444 2694 cxcv11

177 2737 287 2801 ritatis
311 2759 441 2820 prorsus
466 2738 616 2820 excessit,
645 2741 754 2802 tamen
778 2737 876 2800 etiam
899 2737 1028 2823 longius
1052 2738 1321 2824 progrediendum

175 2864 245 2907 esse
276 2842 436 2908 Beckerus
467 2842 511 2929 (p.
543 2842 618 2930 106)
651 2849 740 2907 ratus
771 2842 906 2909 calidius
936 2845 1139 2929 praecepisse
1168 2843 1320 2930 Lingium

176 2949 271 3013 dixit:
305 2948 482 3014 addendam
513 2950 598 3014 enim
626 2949 875 3033 penthemimeri
903 2955 988 3015 certe
1011 2950 1320 3034 hephthemimerem

176 3075 261 3136 esse,
293 3057 330 3119 ut
362 3055 396 3118 in
429 3078 492 3140 qna
524 3078 590 3120 non
622 3055 694 3139 plus
727 3077 825 3139 quam
853 3057 887 3120 in
914 3056 971 3120 illa
998 3056 1184 3122 offensionis
1212 3058 1321 3123 hiatus

175 3160 320 3225 haberet.
367 3160 539 3246 Reliquum
569 3165 639 3225 erat
665 3165 703 3225 ut
730 3183 768 3225 ea
795 3161 940 3227 doctrina
963 3164 1168 3247 perficeretur
1191 3168 1224 3230 et
1251 3188 1321 3231 om-

176 3267 255 3331 nino
284 3267 392 3332 nullus
416 3270 449 3333 in
472 3269 539 3332 ullo
563 3289 657 3332 versu
680 3268 769 3332 locus
794 3290 864 3332 esse
888 3270 1061 3354 diceretur,
1089 3272 1165 3355 quin
1193 3274 1234 3337 ab
1258 3275 1321 3338 ele-

180 3376 311 3459 gantiae
338 3359 491 3441 nimirum
519 3379 552 3440 et
579 3375 805 3440 concinnitatis
834 3379 866 3438 et
893 3377 1135 3461 perspicuitatis
1166 3380 1320 3445 studiosis

178 3482 282 3563 poetis
307 3481 445 3567 legitimi
469 3484 592 3548 scilicet
619 3483 728 3548 hiatus
752 3488 945 3549 ornamento
969 3485 1141 3569 aliquando
1171 3486 1320 3551 condeco-

263 3675 290 3743 *)
311 3674 487 3744 Quamquam
509 3692 565 3730 non
589 3680 632 3730 est
658 3675 758 3744 quovis
781 3679 865 3744 pacto
890 3675 1004 3730 factum.
1041 3677 1113 3730 Nam
1134 3677 1185 3733 etsi
1203 3678 1232 3733 in
1252 3679 1319 3732 Her-

175 3761 326 3817 manniana
350 3763 532 3834 discriptione
559 3781 655 3819 eorum
679 3781 823 3832 versuum,
848 3763 896 3832 qni
918 3765 998 3818 nobis
1021 3766 1086 3818 sunt
1108 3767 1183 3821 Trin.
1208 3773 1319 3835 247sq.,

175 3854 250 3907 recto
269 3852 316 3907 hic
335 3870 364 3906 se
384 3854 501 3910 creticus
520 3854 618 3909 habet:

386 3937 430 4013 ibi
448 3959 616 4029 pendentem
636 3960 713 4016 ferit:
733 3960 790 4015 iam
809 3962 928 4030 amplius
947 3963 1017 4027 orat,

175 4067 270 4118 tamen
289 4063 318 4118 in
337 4066 450 4119 brevem
464 4065 590 4120 vocalem
605 4065 734 4121 desinens
748 4084 803 4121 vox
817 4066 959 4136 dactylica
972 4085 1027 4122 non
1041 4067 1136 4136 potuit
1150 4087 1200 4140 pro
1215 4073 1318 4129 cretico

175 4153 309 4208 substitui
328 4172 352 4209 v.
372 4159 438 4207 251:

389 4261 451 4315 uox
470 4260 564 4316 saeua
584 4261 695 4315 ascitur
712 4221 823 4328 simila
840 4265 916 4318 aaa:

175 4367 357 4437 quodgenns
376 4367 518 4438 elegantia
535 4367 602 4422 artis
621 4370 734 4437 respuit.
764 4367 815 4436 [cf.
835 4371 930 4425 annot.
950 4371 1078 4425 adhunc
1097 4387 1208 4427 versum
1227 4372 1256 4427 in
1274 4374 1318 4428 ed.

174 4457 224 4512 alt.
244 4460 273 4511 et
292 4458 394 4527 Opusc.
412 4457 481 4526 phil.
503 4457 539 4511 lV
558 4476 586 4527 p.
605 4458 679 4528 cla]

1051 4550 1107 4605 28*
