2962 5032
417 332 679 381 nuuuusrrours
704 334 915 382 1111111118.
1175 314 1239 378 459

185 474 249 552 Qui
273 474 382 540 omnia
406 497 440 539 se
464 474 620 541 simulant
648 527 1080 543 .........

185 581 337 647 Consulit
360 583 533 647 aduorsum
595 635 1080 648 ..........

187 687 303 754 Militis
327 686 464 754 amicam
489 739 1082 756 ............

186 786 388 860 Bacchidem.
417 794 576 861 Vtramne
599 799 677 882 ergo
701 847 1081 863 ........

189 901 307 968 Omnia
327 901 444 968 resciui
490 953 1083 970 ............

186 1009 353 1094 Chrysale,
376 1010 448 1095 quis
473 1012 524 1075 est
546 1010 638 1095 hic*)
703 1061 1084 1076 ........

85 1155 194 1238 longe
224 1153 334 1218 eadem
363 1151 586 1237 frequentiora
613 1176 671 1218 nec
699 1176 718 1217 a
746 1155 860 1219 ceteris
890 1177 1002 1218 versus
1032 1153 1162 1219 sedibus
1190 1177 1243 1219 cx·

87 1263 189 1326 clusa
207 1260 240 1324 in
260 1259 475 1343 anapaesticis
494 1260 701 1325 carminibus,
745 1261 782 1324 In
802 1261 949 1327 iambicis
969 1262 1054 1325 enim
1073 1262 1125 1325 vel
1144 1261 1242 1326 etiam

89 1367 273 1434 trochaicis
302 1365 356 1452 (de
384 1367 502 1451 quibus
531 1367 618 1432 inira
646 1367 784 1453 dicetur)
809 1369 864 1452 qui
889 1368 991 1432 cuivis
1015 1368 1085 1434 loco
1110 1369 1243 1451 dactyli-

92 1497 171 1540 cum
195 1478 362 1539 accentuui
384 1474 477 1538 illum
501 1473 674 1538 concedere
698 1476 840 1541 animum
865 1474 1004 1559 inducat,
1027 1475 1109 1540 nihil
1128 1498 1191 1560 quo
1211 1476 1243 1540 id

94 1582 215 1667 probet
241 1584 371 1672 praeter
402 1580 502 1646 solius
529 1583 629 1647 nescio
656 1582 779 1648 formae
807 1582 954 1667 exempla
984 1582 1065 1649 talia
1095 1582 1243 1648 habebit:

189 1723 235 1786 Vt
259 1722 359 1787 uerba
381 1722 461 1787 mibi
484 1722 550 1807 dat,
573 1729 610 1788 rit
632 1726 732 1790 nascio
757 1748 853 1810 quarn
877 1728 945 1790 rem
970 1730 1074 1811 gerat:

188 1829 294 1893 Multa
316 1829 411 1894 simul
435 1832 541 1914 rogas,
563 1834 662 1897 risseio
685 1833 760 1916 quid
784 1833 950 1916 expediam
975 1832 1190 1916 potissumum

98 1998 115 2039 e
135 1972 252 2039 Bacch.
268 1972 333 2038 756
354 1972 457 2055 [795]Ι
477 1970 566 2036 Trin.
582 1974 659 2039 880:
683 1972 716 2038 in
740 1973 890 2058 qualibus
910 1979 1075 2059 praestare
1095 1975 1244 2059 spondia-

98 2104 170 2147 cam
190 2101 374 2144 mensuram
394 2078 532 2162 synizesi
558 2081 704 2145 effectam
725 2103 823 2165 supra
842 2081 1059 2146 demonstravi
1079 2105 1107 2166 p.
1123 2099 1244 2146 caxvrr

99 2189 204 2274 [410]
219 2222 260 2234 -
275 2184 446 2251 Sciendum
465 2189 516 2250 est
534 2189 642 2250 alitem
663 2186 801 2252 similem
820 2188 989 2272 dactylicis
1008 2187 1244 2273 pronuntiatio·

97 2320 174 2363 nem
197 2293 442 2361 tribrachica
464 2293 593 2378 quidem
622 2295 780 2360 vocabula
807 2294 858 2360 vel
880 2297 920 2360 iu
949 2294 1150 2361 tribrachum
1174 2317 1244 2359 exe·
1259 2315 1363 2356 ccxxv

98 2403 192 2469 untia
213 2403 262 2467 ita
284 2422 462 2484 recusasse,
490 2402 527 2465 ut
554 2423 729 2485 numquam
757 2402 842 2468 hunc
867 2408 1033 2468 accentum
1056 2430 1137 2471 ooo
1160 2424 1243 2467 rece-

97 2509 215 2594 perint,
233 2508 290 2573 sed
309 2511 366 2574 aut
384 2507 563 2592 legitimum
582 2536 601 2575 o
613 2550 632 2575 o
644 2550 663 2576 o
685 2514 751 2592 aut,
770 2514 807 2574 ut
822 2532 895 2574 mox
911 2511 1127 2594 intellegetur,
1147 2509 1244 2574 certis
1318 2562 1323 2577 .

97 2616 338 2683 condicionibus
362 2617 601 2681 inusitatiorem
625 2617 710 2681 hunc
732 2658 782 2684 oo
795 2644 827 2684 a.

191 2723 309 2788 Affinis
333 2723 419 2786 enim
443 2723 676 2808 dactylioorum
694 2723 769 2788 huic
788 2724 949 2788 notationi
974 2771 1005 2779 -
1021 2752 1070 2791 eo
1092 2725 1172 2788 baec
1196 2727 1246 2787 est

99 2860 164 2900 -c
196 2831 246 2897 vel
279 2828 358 2915 (quo
391 2830 502 2915 paullo
535 2831 639 2915 magis
673 2835 824 2895 accentus
857 2831 1032 2897 insolentia
1068 2828 1245 2914 delitescit)

99 2942 209 3005 soluta
236 2937 437 3022 paenultima
459 2961 559 3006 ooo:
593 2961 690 3022 quam
720 2962 779 3004 sua
809 2942 923 3022 sponte
952 2938 1151 3022 intellegitur
1181 2959 1246 3002 non

100 3068 197 3132 posse
224 3067 291 3110 nou
318 3046 480 3128 syllabam
508 3045 639 3109 brevem
668 3046 769 3130 sequi.
815 3044 877 3110 Sed
906 3045 967 3109 boc
990 3067 1055 3109 non
1079 3044 1158 3108 satis
1182 3049 1266 3110 estr.

102 3156 191 3218 certa
223 3151 309 3216 enim
341 3152 566 3236 plerumque
599 3152 746 3216 condicio
778 3153 859 3217 haec
891 3152 1028 3236 accedit,
1066 3157 1102 3217 ut
1133 3151 1245 3216 binae

101 3261 216 3325 breves
235 3261 421 3343 sequantur,
444 3259 550 3323 velut
569 3259 640 3324 aliis
659 3259 766 3324 verbis
786 3260 900 3344 dicam,
924 3263 960 3324 ut
979 3265 1112 3325 accentu
1131 3263 1246 3324 notata

101 3366 232 3449 syllaba
252 3387 325 3431 cum
348 3365 504 3449 proximis
528 3387 593 3431 non
617 3368 843 3449 anapaestum,
871 3366 927 3431 sed
954 3367 1156 3431 tribrachum
1180 3366 1246 3430 effi-

103 3473 177 3538 ciat
222 3472 273 3538 Ea
294 3461 397 3557 igitur
425 3472 648 3557 pronuntiatio
677 3473 843 3556 propriam
872 3473 934 3537 sibi
958 3473 1066 3539 sedeur
1089 3473 1190 3537 habet
1213 3474 1245 3538 in

103 3580 416 3665 septenariorum
439 3577 579 3645 secundo
603 3580 655 3644 vel
678 3580 775 3643 tertio
799 3580 889 3662 pede,
912 3586 949 3645 ut
972 3580 1058 3645 Trin.
1079 3581 1152 3646 714.
1173 3583 1246 3646 715.

104 3687 177 3753 873.
201 3684 268 3751 Mil.
292 3685 333 3771 11,
357 3687 387 3769 2,
411 3686 463 3752 38.
487 3685 604 3751 Bacch.
628 3687 670 3749 12
694 3685 798 3768 [103]ι
821 3686 909 3750 Trin.
933 3688 1006 3750 624.
1031 3688 1104 3750 629.
1128 3686 1206 3751 889:

192 3826 269 3895 Sine
290 3828 366 3914 dote‘,
388 3849 492 3913 nsque
515 3831 550 3892 tu
573 3825 649 3893 binc
673 3829 830 3892 abituru’s
877 3876 1202 3892 .......

100 3958 114 4011 1
158 3930 250 4019 ,Μ
270 3934 364 4001 auter
385 3934 548 4001 animatus
572 3957 616 4018 es,
638 3935 719 4000 bene
766 3981 1203 3999 .........

11 3946 448 4218 met
469 4040 550 4106 item
573 4041 712 4107 alterum
737 4042 777 4106 ad
801 4043 905 4108 istanc
931 4090 1202 4107 ......

432 4146 570 4215 holitori
593 4170 769 4234 numquam
823 4198 1202 4215 ........

549 4354 647 4415 ’1111118
669 4359 703 4415 ut
723 4359 799 4416 'Prin
824 4366 890 4416 593:
918 4359 1058 4431 Siquidem
1080 4378 1145 4430 oper
1169 4363 1248 4417 nobis

609 4445 728 4507 vestu
743 4446 836 4520 accipi
853 4447 986 4520 potuisse.
