2926 5040
407 338 670 388 anannarronrs
696 338 906 386 enrvrrraa.
1164 322 1227 386 461

165 481 220 547 De
238 485 327 548 meo:
350 504 427 548 nam
446 484 530 568 quod
549 487 684 567 turimst,
707 488 855 565 merimst‚
879 503 973 546 omne
997 487 1106 547 alitem
1128 474 1232 546 mium

885 593 1019 654 turimst.

67 731 236 819 Intellegi
266 755 352 799 nunc
385 735 484 799 etiam
517 733 596 798 illud
629 738 796 818 putamus,
829 755 885 796 cur
913 755 930 795 e
958 731 1099 816 quinque
1127 737 1231 795 trans-

63 841 222 927 ponendi
247 839 368 925 modis,
396 863 533 926 quorum
561 841 595 906 in
618 839 816 906 Bacchidnm
848 863 877 903 v.
901 839 944 903 52
969 838 1039 922 [83]
1065 838 1232 921 optionem

60 970 140 1047 esse
161 971 200 1033 p.
216 965 327 1013 cmx
338 969 385 1031 sq.
405 948 497 1031 [395]
518 947 667 1031 diximus,
690 948 822 1031 reliquis
841 946 1084 1030 posthabendus
1101 945 1155 1009 hic
1175 944 1231 1008 sit:

68 1055 140 1120 Vbi
171 1055 266 1119 uoles
299 1059 333 1119 tu
365 1055 460 1138 lapide
486 1056 552 1120 esse'
575 1055 638 1120 tati.
684 1053 735 1118 Ne
763 1054 835 1139 quis
864 1075 939 1118 vero
967 1053 1029 1117 huc
1057 1052 1142 1115 Trin.
1167 1051 1232 1115 623

53 1162 211 1227 referat:

161 1305 294 1371 Nescio
318 1304 395 1389 quid
417 1327 482 1370 non
506 1305 587 1370 saitis
609 1305 691 1368 inat
714 1326 770 1370 eos
807 1352 1188 1384 ........

49 1448 251 1514 sciendum
267 1452 317 1512 est
331 1469 402 1511 eam
422 1447 542 1532 dequo
561 1451 637 1512 ante
657 1447 795 1512 diximus
816 1447 961 1512 enelisim
981 1467 1047 1511 non
1066 1445 1171 1509 minus
1191 1444 1231 1508 ad
1247 1470 1377 1510 coxxvn

47 1557 147 1622 haec
179 1555 336 1637 exempla
358 1555 437 1618 inter
458 1575 516 1633 eos,
534 1555 659 1636 proete‘r
681 1576 729 1620 eos
752 1553 867 1619 Bacch.
895 1556 976 1618 1107
998 1554 1113 1636 [11461
1134 1573 1232 1637 quam

47 1664 97 1728 ad
121 1664 224 1728 inle'r
242 1683 310 1745 noa,
326 1663 451 1744 praeter
463 1683 511 1726 me
528 1662 699 1746 pertinere.
717 1699 753 1708 —
772 1661 959 1727 Trochaicis
974 1666 1083 1725 autem
1098 1659 1232 1723 vocibus

48 1772 123 1836 etsi
160 1771 206 1835 in
236 1769 301 1834 hoc
328 1790 444 1854 genere
473 1769 770 1853 pyrrhichiaeae
799 1769 890 1833 valde
917 1768 1117 1852 propinquae
1148 1769 1233 1848 sunt,

47 1888 191 1944 tamen
216 1898 288 1941 non
311 1881 386 1940 sunt
408 1898 541 1961 prorsus
565 1878 635 1960 pari
659 1876 794 1941 ratione.
835 1875 916 1938 Tam
941 1875 1028 1938 enirn
1052 1895 1107 1938 eae
1131 1894 1232 1957 prope

48 1986 100 2050 ad
130 1983 364 2049 iambicamm
386 1988 536 2048 naturam
562 1984 728 2068 accedunt,
752 1983 860 2048 uthis
885 1987 1013 2066 praeter
1032 1986 1141 2046 cetera
1159 2002 1233 2044 con·

47 2113 206 2158 cessam
237 2090 424 2170 ὀξυτόνηειν
451 2092 547 2157 facile
574 2092 781 2176 participent.
826 2089 940 2174 Itaque
969 2089 1098 2154 illarum
1121 2087 1232 2171 paullo

49 2198 213 2285 longius
239 2218 413 2284 progressa
435 2202 485 2263 est
508 2199 654 2282 licentia,
681 2203 717 2261 ut
746 2219 826 2282 quae
850 2218 916 2261 non
940 2195 1035 2259 modo
1059 2196 1092 2258 in
1115 2193 1232 2279 prioris

51 2306 184 2392 partis
210 2308 391 2389 septenarii
416 2307 556 2371 secundo
578 2305 669 2390 pede,
693 2305 747 2369 sed
771 2304 870 2368 etiam
893 2303 927 2366 in
946 2301 1134 2385 posterioris
1154 2301 1233 2364 item

52 2411 236 2495 secundo,
256 2413 311 2496 qui
330 2417 380 2479 est
397 2414 499 2478 totius
519 2435 630 2477 versus
649 2415 768 2495 sextus,
787 2411 947 2476 admissae
967 2409 1040 2473 sint.
1075 2407 1234 2490 Exempla

53 2522 182 2586 habes
207 2517 300 2584 Tria
323 2521 396 2586 337.
420 2522 494 2586 347.
518 2521 591 2586 684.
615 2521 689 2584 938.
716 2520 809 2584 1046.
832 2518 906 2582 289.
938 2514 1055 2580 Bacch.
1080 2515 1122 2578 52
1147 2512 1233 2596 [83]:

167 2659 233 2726 Nss
257 2663 361 2727 moro‘r
382 2685 456 2727 eum
479 2661 540 2726 tibi
564 2684 634 2726 esse
658 2663 797 2726 amicum
862 2707 1188 2723 .......

168 2768 283 2833 Mrssta
305 2768 384 2832 borao
407 2770 487 2833 bene
511 2772 605 2852 parta
627 2767 786 2831 habemus
808 2814 1187 2830 ........

170 2875 361 2959 Νάωῳιαω
384 2879 442 2939 erit
465 2876 578 2939 alicnis
602 2875 711 2958 granis
736 2875 792 2959 qui
860 2921 1188 2938 .......

168 2979 250 3046 Nisi
273 2981 348 3062 quio
370 2980 461 3045 lubet
484 2981 621 3064 experiri
648 3029 1188 3045 ...........

131 3094 135 3100 ’
171 3088 322 3168 N6n[ne]
346 3089 407 3151 hoc
429 3088 557 3171 publice
582 3089 820 3153 animaduorti‘?
849 3110 924 3151 nam
953 3087 985 3150 id
1010 3089 1107 3169 qenais
1130 3086 1233 3151 horni-

834 3219 910 3259 num
933 3195 1128 3259 hominibus.

176 3300 251 3402 Quo
272 3324 385 3370 manns
405 3302 602 3387 apstineant:
627 3308 733 3366 cetera
756 3304 832 3385 rape
857 3303 946 3366 trahe
963 3306 1037 3366 tene
1060 3301 1138 3385 frige
1160 3303 1234 3366 late.

172 3408 242 3475 Vbi
265 3408 355 3473 uoles
378 3414 414 3473 tu
438 3405 508 3473 ess'e
532 3411 591 3474 tibi
616 3412 736 3493 lepide,
759 3413 831 3473 me‘a
853 3410 933 3494 rosc,
958 3410 1036 3473 mihi
1061 3409 1168 3474 dicito.

71 3555 234 3631 Quorum
263 3574 415 3617 versuum
446 3556 561 3637 quarto
591 3575 657 3616 non
687 3553 791 3637 magia
821 3553 935 3616 allactet
962 3551 1124 3633 scriptura
1152 3571 1234 3632 opus

71 3663 141 3726 fuit
167 3681 270 3745 quam
295 3661 516 3743 supraposito
536 3683 564 3724 v.
585 3661 650 3724 624
669 3660 733 3723 illic
752 3682 809 3742 pro
829 3661 893 3723 itte:
917 3679 1019 3742 neque
1039 3656 1124 3721 enim
1144 3677 1233 3718 cans-

73 3791 151 3834 sam
178 3767 214 3831 in
234 3771 389 3851 promptu
408 3789 477 3832 esse
498 3767 601 3850 video,
625 3788 681 3829 eur
703 3788 776 3829 eum
799 3766 877 3829 arciri
900 3766 956 3829 tibi
977 3764 1036 3828 sibi
1058 3764 1122 3825 nisi
1143 3763 1235 3842 quasi

73 3898 129 3960 epo
155 3873 287 3957 formio,
310 3895 390 3957 quas
414 3872 541 3958 (utpote
566 3872 713 3936 nltimam
740 3895 758 3934 a
782 3871 941 3955 principio
962 3872 1093 3953 longam
1113 3867 1234 3931 haben·

76 3983 147 4069 tea)
168 3982 213 4046 ab
233 3980 297 4046 hoc
317 4001 432 4063 genere
452 3980 568 4044 seclusi
588 4002 617 4063 p.
634 3996 727 4043 cnxx
748 3977 909 4061 [rlasqp
928 3978 1026 4041 etiam
1045 3979 1119 4059 quta
1138 3977 1235 4040 socie-

74 4096 141 4155 tur.
175 4087 258 4152 Alia
272 4087 422 4170 exempla
436 4109 492 4151 cur
508 4086 584 4149 hinc
603 4087 710 4150 aliena
728 4086 793 4148 sint
812 4107 933 4167 revera,
951 4085 1017 4148 dixi
1036 4106 1067 4167 p.
1082 4099 1235 4147 chxxvl

75 4197 187 4283 [4261
223 4194 294 4260 Nee
318 4193 479 4258 immerito
504 4217 524 4259 a
547 4198 663 4278 quarto
687 4191 768 4275 pede
787 4193 1047 4275 pyrrhichiacum
1067 4193 1234 4254 accentum

74 4306 294 4372 Hermannus
320 4301 460 4364 removit
484 4300 599 4365 Bacch.
625 4301 665 4363 74
691 4298 794 4383 [105]‚
817 4321 875 4382 pro
900 4299 950 4362 his

169 4446 291 4532 Cripio.
318 4442 457 4507 Dabitur
480 4446 586 4527 opera.
610 4441 693 4523 aquit
716 4440 813 4505 calet:
838 4427 946 4504 hamus
971 4491 1191 4509 .....
