2962 5032
422 346 427 351 -
458 326 720 376 nnmvnsmours
744 326 955 376 ensvrruau.
1214 308 1279 374 345

86 468 317 535 chamaam
340 468 533 554 Olympicum
559 492 588 534 v.
611 469 676 534 425
705 469 757 550 [cf.
781 491 854 534 ann.
882 469 917 533 in
945 468 993 533 ed.
1022 468 1092 549 alt]
1099 521 1108 553 ‚
1139 469 1279 534 ita¹sine

92 571 227 640 libris
252 577 391 643 alterum
416 577 553 642 accessit
583 599 612 642 v.
639 575 723 640 1052
753 578 864 641 darem
892 597 1010 640 rerum:
1043 576 1128 660 quod
1155 581 1192 640 ut
1220 597 1278 658 pro

101 684 270 748 duarum
292 684 545 749 substitueretur
567 683 741 767 flagitabat
763 683 906 767 reposito
929 684 1048 764 caepim
1065 687 1192 748 mutata
1210 705 1278 747 ver-

111 811 187 854 sus
203 791 289 856 ratio
304 790 357 872 [cf.
377 811 475 875 supra
489 813 520 872 p.
530 789 619 871 3331,
637 788 817 854 suadebant
836 791 942 852 autem
962 790 1058 853 durem
1076 788 1201 853 formae
1219 811 1278 872 pro

114 898 267 961 circorum
295 897 423 981 positae
446 895 593 979 exempla
617 916 689 959 eum
714 917 730 959 e
753 893 880 960 Naevio
905 899 938 958 et
960 893 1124 959 Frontone
1152 918 1172 958 a
1194 891 1277 959 Cha-

121 1003 213 1069 risio
238 1027 269 1087 p.
290 1005 349 1069 101
367 1024 414 1087 sq.
438 1003 579 1067 excitata
601 1005 672 1066 tum
696 1002 781 1085 apud
803 1002 912 1085 ipsum
936 999 1090 1065 Plautum
1112 1000 1197 1065 Men.
1221 999 1280 1084 III,

126 1111 161 1192 3,
189 1111 231 1176 18
256 1113 386 1175 exstans
410 1111 507 1174 duam
528 1105 736 1194 nummum.*)
761 1145 801 1154 —
825 1106 960 1172 Possum
983 1107 1036 1171 his
1060 1107 1126 1171 alia
1149 1106 1279 1171 addere:

131 1218 268 1301 quintae
291 1217 520 1282 declinationis
539 1217 726 1299 genetivum
748 1237 764 1281 e
786 1238 844 1301 pro
868 1216 913 1293 ci,
937 1214 1095 1279 secundae
1118 1216 1213 1299 ipro
1236 1216 1279 1289 ii,

132 1324 357 1390 accusativum
377 1324 494 1389 tertiae
516 1325 549 1389 is
566 1346 625 1407 pro
644 1344 692 1388 es:
715 1323 780 1387 nisi
799 1323 877 1387 haec
896 1304 1089 1406 pervulgata
1108 1321 1183 1386 sint.
1211 1322 1278 1387 Ita·

133 1451 197 1515 que
219 1429 326 1494 tribus
349 1429 456 1495 verbis
480 1429 593 1513 dicam,
616 1452 714 1515 quam
736 1430 770 1493 in
789 1429 841 1493 his
865 1429 951 1493 viam
975 1428 1141 1493 tenuerim.
1178 1427 1223 1492 Et
1244 1428 1280 1493 in

134 1539 164 1602 ii
195 1536 327 1621 quidem
358 1536 548 1602 terminatos
578 1537 745 1622 genetivos
774 1540 812 1601 ut
840 1537 959 1618 inpertit
988 1535 1071 1599 nihil
1104 1535 1278 1620 quicquam

134 1643 287 1729 praesidii
310 1642 432 1708 habere
455 1647 583 1708 tantum
606 1643 750 1707 tironum
779 1664 893 1707 caussa
920 1665 1050 1726 moneo,
1082 1663 1277 1727 quamquam
1292 1667 1331 1707 xc
1404 1671 1407 1681 ·

134 1750 228 1815 video
256 1750 355 1814 etiam
382 1751 602 1834 provectiores
630 1754 738 1815 aetate
766 1750 888 1815 tirones
921 1771 1000 1816 esse.
1032 1786 1069 1795 -
1103 1749 1196 1825 Fide,
1231 1750 1280 1814 die

135 1857 235 1921 etiam
259 1860 372 1921 contra
394 1855 497 1921 libros
522 1856 652 1940 scripsi,
679 1857 872 1941 ubicumque
900 1855 1065 1939 bisyllaba
1087 1853 1194 1919 forma
1217 1877 1280 1919 me·

135 1968 222 2028 trum
246 1985 328 2047 opus
351 1962 464 2028 habet:
493 1962 669 2028 absurdum
693 1968 744 2027 est
767 1964 866 2045 enim,
889 1983 1026 2046 quorum
1049 1962 1279 2026 vocabulorum

135 2070 321 2135 commodas
353 2073 458 2133 metro
489 2069 612 2134 formas
650 2070 722 2153 ipsa
758 2069 871 2153 lingua
907 2067 1067 2150 finxisset,
1104 2069 1278 2134 eorundem

136 2180 239 2241 metro
264 2176 484 2240 incommodas
508 2176 671 2260 praelatas
696 2199 715 2240 a
737 2176 843 2260 poetis
867 2175 995 2238 credere
1019 2178 1052 2240 et
1071 2196 1129 2258 per
1146 2175 1277 2239 inutiles

136 2283 271 2347 alicuius
303 2282 455 2347 licentiae
488 2283 642 2367 ambages
675 2304 713 2347 eo
745 2285 936 2367 perventum
969 2302 1039 2345 esse
1072 2302 1136 2365 quo
1169 2285 1280 2364 posset

135 2396 225 2455 recta
248 2390 303 2454 via
325 2390 501 2473 perveniri:
525 2389 699 2455 absurdum
719 2389 858 2473 synizesi
877 2387 911 2451 in
930 2387 1024 2450 binas
1044 2387 1187 2470 syllabas
1206 2409 1279 2452 oon·

134 2500 242 2561 trac-ta
275 2497 360 2578 fidei,
391 2497 521 2562 sonabam
553 2494 604 2580 (ut
628 2519 656 2561 v.
681 2493 759 2582 657)
788 2495 885 2578 tueri,
918 2515 990 2557 cum
1021 2493 1112 2577 fide,
1143 2495 1280 2558 scibam

135 2605 315 2668 formarum
338 2604 387 2668 vis
415 2610 448 2667 et
470 2604 555 2669 ratio
579 2625 646 2667 non
671 2603 714 2667 sit
737 2603 804 2666 alia
825 2601 889 2665 nisi
912 2604 949 2665 ut
971 2600 1059 2664 vitae
1082 2623 1143 2665 usu
1166 2601 1281 2685 proba·

134 2716 204 2774 tam
227 2708 422 2792 bisyllabarn
445 2710 747 2794 pronuntiationem
771 2709 927 2773 imitando
951 2708 1023 2791 ipsa
1046 2708 1208 2790 scriptura
1231 2730 1279 2771 as·

136 2819 333 2900 sequeretur.
363 2813 451 2890 Quae
475 2816 605 2899 quidem
629 2815 834 2880 ratiocinatio
858 2815 892 2879 in
916 2814 998 2879 alias
1022 2836 1148 2898 quoque
1171 2819 1280 2899 partes

136 2925 217 2989 artis
236 2923 406 2988 Plautinae
424 2927 516 3005 patet
534 2923 702 3006 latissime,
725 2923 813 2986 velut
832 2923 866 2986 in
884 2923 944 3000 nil,
963 2924 1020 3000 mi,
1039 2943 1100 3000 acc,
1118 2927 1176 2999 sut,
1194 2922 1281 2986 ditiis

136 3054 195 3116 pro
222 3030 316 3106 nibil,
344 3028 435 3106 arilei,
462 3050 568 3111 ramere,
596 3031 687 3107 sutis,
715 3030 836 3094 diritius
858 3025 901 3114 (v.
925 3029 998 3094 682.
1023 3027 1111 3113 829).
1156 3028 1200 3092 Et
1221 3029 1282 3110 ride

138 3159 195 3221 pro
223 3137 296 3218 fidet
322 3135 356 3199 B
385 3136 526 3200 servavit
554 3158 583 3199 v.
610 3136 681 3199 117.
727 3133 834 3199 Vnum
862 3136 917 3199 rei
944 3156 1103 3199 nonaum
1128 3156 1225 3198 ausus
1250 3154 1283 3197 rc

137 3244 277 3308 scribere
301 3264 326 3306 e.
341 3263 371 3326 g.
386 3265 413 3308 v.
431 3240 566 3329 119**)‚
589 3266 609 3306 u
649 3243 739 3307 cuius
764 3242 943 3326 scripturae
966 3241 1192 3306 testimonium
1215 3261 1280 3304 non

136 3351 349 3435 reppererim:
379 3353 411 3412 et
438 3342 577 3432 possunt
604 3349 638 3411 in
666 3370 730 3413 uno
754 3348 997 3432 monosyllabae
1022 3348 1109 3411 vocis
1134 3346 1280 3429 exemplo

137 3458 225 3522 aliud
255 3457 318 3542 ipsi
344 3460 469 3520 veteres
498 3455 663 3538 probasse.
688 3490 728 3500 —
758 3451 826 3518 Nec
855 3475 871 3517 e
899 3454 1056 3517 librorum
1084 3453 1193 3537 potius
1216 3473 1280 3515 me·

137 3564 253 3648 moria,
285 3585 367 3648 quae
396 3565 528 3647 propter
556 3583 704 3626 caussam
728 3561 834 3644 capite
857 3560 872 3624 l
898 3560 1117 3644 significatam
1141 3558 1203 3623 dici
1226 3581 1282 3622 ue-

138 3670 330 3754 quitquam
355 3669 417 3733 sibi
440 3690 507 3732 non
530 3654 658 3732 constet
679 3667 713 3729 in
736 3667 797 3730 hoc
822 3688 952 3750 genere,
981 3690 1079 3750 quam
1107 3689 1123 3729 e
1147 3665 1281 3729 rationis

137 3776 368 3860 probabilitate
397 3775 535 3858 pendere
558 3774 646 3838 volui
676 3774 710 3836 in
735 3773 990 3837 accusativorum
1015 3773 1176 3855 scriptura
1198 3773 1282 3836 aedis

135 3882 232 3947 hosts
261 3883 340 3947 οίιιὶε
368 3884 458 3946 curte
487 3882 600 3945 marsis
627 3882 706 3945 artis
733 3881 834 3944 emata
855 3880 960 3963 palaris
987 3900 1046 3942 aea
1069 3879 1120 3943 lis:
1158 3879 1213 3942 sed
1245 3882 1283 3942 ut

137 4011 204 4054 non
228 3988 334 4072 magis
358 4010 456 4074 quam
480 3987 679 4051 accusativos
697 3988 785 4051 aedes
803 4006 914 4063 oneum,
938 3985 1108 4069 probarem
1132 3985 1166 4049 in
1190 3985 1281 4049 libris

244 4163 270 4234 ·)
290 4163 343 4236 [Ex
361 4162 536 4217 addendis
555 4181 582 4232 p.
602 4176 731 4216 eccm:
752 4162 896 4231 ‘poteram
915 4177 930 4215 e
946 4159 1085 4215 Ciceronis
1105 4160 1181 4215 Orat.
1200 4165 1281 4226 §166

136 4252 217 4309 Accii
234 4252 394 4323 exemplum
411 4251 514 4307 addere
532 4252 630 4305 mulier
648 4268 708 4305 uno
725 4252 811 4304 duran
828 4249 956 4321 uirum.’]

227 4341 273 4410 ”)
301 4339 490 4412 [Quamquam
512 4338 542 4393 in
565 4339 608 4394 ed.
636 4339 685 4392 alt.
713 4338 781 4392 satis
809 4338 984 4407 probabilem
1012 4337 1184 4393 Ritsohelius
1211 4338 1283 4394 dixit

193 4426 304 4487 maeri
320 4428 490 4485 mantiam
509 4427 631 4483 Gramm.
652 4427 699 4482 lat.
718 4428 740 4495 Ι,
760 4433 773 4481 1
794 4445 821 4497 p.
842 4432 892 4481 138
910 4444 940 4482 re
958 4426 1120 4499 suadentis]
