2926 5040
152 325 218 396 448,
441 340 705 390 saoincouaus
729 339 776 388 ns
800 335 1009 387 asnronrnvs

250 534 659 550 .......
712 485 819 548 hercle
842 482 959 566 operat
982 479 1131 564 pretidm
1155 478 1287 564 quidem

249 642 658 656 .......
712 590 905 656 conuenicm
929 590 1090 674 quantdm
1115 588 1244 670 potest:

155 734 272 818 quibus
288 734 444 818 exemplis
465 739 498 796 et
516 734 807 818 anapaestioum
826 733 926 798 habes
946 734 979 795 et
997 728 1310 795 choriambicum

155 841 288 904 tertium
313 863 332 904 a
355 841 417 904 fine
442 842 648 905 vocabulum:
673 862 810 925 quorum
834 844 944 904 tamen
966 840 1124 901 nentrum
1149 835 1311 920 frequens

156 945 337 1030 Spondiaca
360 951 469 1010 autem
493 930 659 1011 vocabula
674 947 737 1011 etsi
761 947 802 1012 ab
826 968 864 1010 eo
888 945 960 1010 loco
983 944 1069 1009 ratio
1088 943 1229 1028 quidem
1247 962 1312 1008 non

156 1053 260 1136 magis
294 1075 392 1136 quam
425 1054 601 1118 molossica
633 1053 685 1119 vel
717 1054 825 1119 ionica
856 1076 876 1117 a
903 1052 1029 1116 minore
1052 1049 1206 1135 (quando
1236 1049 1312 1116 cho·

156 1159 318 1223 riambum
342 1164 376 1222 et
398 1160 520 1223 ionicus
544 1164 578 1223 et
595 1160 756 1225 molossus
776 1155 909 1244 aequat)
928 1156 1080 1240 excludit,
1104 1161 1221 1222 tamen
1240 1178 1311 1222 con
1349 1194 1352 1201 ·

158 1265 293 1329 suetudo
326 1287 392 1330 non
425 1267 503 1330 item
536 1271 573 1331 ut
607 1267 641 1330 in
674 1267 876 1351 paenultimo
909 1266 981 1330 loco
1013 1265 1155 1348 recepit:
1189 1264 1311 1349 quippe
1348 1258 1352 1333 Ξ

158 1373 286 1456 aegrius
314 1373 347 1436 in
375 1373 482 1457 longis
511 1373 644 1457 syllabis
673 1396 771 1458 quam
799 1374 832 1438 in
859 1372 1012 1438 brevibus
1040 1375 1201 1436 accentus
1226 1371 1310 1436 inno·
1349 1352 1352 1425 l

157 1479 259 1543 lentie
282 1478 338 1544 illo
362 1479 432 1543 loco
456 1480 643 1544 delitescere
666 1481 735 1544 visa
758 1484 817 1545 est.
1349 1478 1352 1495 ’

246 1586 292 1650 Et
319 1585 399 1652 haec
427 1586 557 1672 quidem
585 1587 742 1652 eiusmodi
771 1592 861 1672 sunt,
884 1590 921 1651 ut
943 1590 1051 1651 certae
1075 1606 1217 1650 normae
1240 1606 1311 1650 con·
1348 1570 1352 1645 l

160 1691 283 1755 stantia
305 1691 521 1758 determinata
544 1694 659 1758 merito
682 1716 799 1759 nomen
823 1694 991 1759 inveniant
1012 1692 1188 1778 legitimae
1212 1691 1309 1757 licen·
1350 1714 1352 1763 ς

159 1797 233 1861 tiae.
279 1796 340 1861 Sed
369 1802 495 1882 praeter
522 1799 616 1884 haec,
648 1822 730 1885 quae
757 1801 830 1884 ipsa
853 1823 905 1865 arr
928 1799 1105 1883 concessit,
1138 1798 1308 1864 fatendum
1350 1784 1352 1791 ¹

159 1909 210 1968 est
232 1903 404 1989 quaedam,
427 1929 623 1992 quamquam
648 1929 782 1972 numero
805 1929 920 1990 pauca,
944 1907 994 1970 vel
1019 1906 1182 1971 excidisse
1206 1905 1310 1990 poetis
1340 1982 1344 1991 Ι

61 2042 145 2082 ccxix
161 2010 211 2074 vel
239 2011 412 2075 indulsisse
441 2013 503 2076 sibi
532 2017 660 2097 poetas,
693 2035 776 2099 quae
799 2015 867 2079 sint
889 2019 979 2078 extra
1002 2013 1168 2078 rationem
1194 2012 1309 2097 posita.

47 2112 57 2119 ”
159 2115 244 2181 Nam
277 2140 350 2183 cum
382 2121 416 2183 in
448 2121 629 2185 odaucnc'cim
661 2121 695 2184 hi
725 2144 807 2207 quos
834 2121 946 2186 notavi
974 2124 1130 2184 accentus
1159 2124 1249 2185 recte
1275 2140 1308 2184 ae

159 2222 302 2290 habeant
324 2230 495 2308 propterea
518 2225 602 2310 quod
626 2227 751 2290 similes
775 2230 953 2312 sequuntur
976 2226 1009 2290 in
1032 2228 1194 2307 quantam
1202 2228 1308 2310 potia,

159 2334 266 2394 tamen
290 2332 485 2415 aliquotiens
509 2333 810 2398 choriambicum
833 2332 1026 2400 vocabulum
1051 2333 1155 2399 etiam
1180 2338 1308 2418 praeter

158 2438 241 2504 hanc
268 2440 486 2505 condicionem
515 2443 549 2506 in
577 2441 715 2507 mediam
744 2442 862 2506 senarii
890 2439 1058 2525 dipodiam
1087 2441 1244 2524 intravit,
1274 2444 1309 2505 ut

158 2545 245 2611 Trin.
272 2548 342 2612 184.
367 2549 468 2628 [410]
502 2548 612 2634 Mill,
632 2553 659 2634 1,
682 2551 730 2614 18.
762 2548 879 2614 Bacch.
901 2546 1055 2612 121.113
1082 2548 1176 2627 [151.
1204 2548 1292 2628 1441:

247 2689 319 2774 Ego
343 2692 394 2754 me
417 2690 532 2755 fecisse
555 2693 697 2773 cdnfttcor
720 2690 956 2776 Megaronides.

249 2795 366 2876 [Quam
392 2796 423 2860 si
444 2797 588 2863 formicis
614 2804 648 2862 tu
672 2799 791 2862 obicias
813 2792 1069 2881 papauerem.*)]

249 2901 348 2977 Quasi
373 2907 488 2970 uentus
513 2906 593 2969 folia
616 2910 673 2969 aut
689 2906 868 2988 peniculum
891 2903 1073 2968 tectdrium.

250 3009 430 3094 Magistron
453 3034 646 3096 quemquam
669 3013 854 3094 discipulum
878 3010 1068 3075 minitarier.
1350 3090 1352 3097 Ι

251 3115 365 3197 Sperat
389 3118 515 3200 quidem
540 3120 678 3183 animus:
703 3141 766 3202 quo
790 3120 912 3182 chariat
933 3117 982 3181 dis
1008 3116 1041 3181 in
1065 3118 1276 3205 manust**)
1350 3130 1352 3173 ἵ

161 3258 364 3342 Quamquam
388 3259 420 3322 id
446 3261 575 3324 minime
599 3266 649 3324 est
671 3262 786 3344 quovis
810 3264 905 3344 pacto
929 3260 1065 3324 factum:
1101 3260 1201 3325 facile
1225 3262 1308 3325 enim

160 3365 361 3450 intellegitur
384 3368 560 3431 curandum
584 3368 684 3431 fuisse
707 3372 743 3431 ut
767 3368 940 3432 insolentia
963 3389 1180 3432 numerorum
1199 3369 1308 3433 obscu-

161 3477 287 3537 raretur
309 3473 418 3557 potius
442 3495 537 3556 quam
561 3476 594 3538 in
618 3496 711 3539 aures
735 3474 980 3559 impingeretur:
1005 3495 1107 3558 quare
1131 3476 1224 3540 credi
1246 3496 1311 3540 non

161 3585 271 3663 potest
302 3603 374 3645 cum
408 3581 499 3664 gravi
533 3581 791 3664 interpunctione
820 3580 1026 3645 choriambus
1055 3603 1076 3644 a
1106 3587 1209 3664 poeta
1240 3604 1311 3647 con·

269 3829 294 3897 *)
314 3828 367 3900 [Cf.
388 3827 461 3882 infra
479 3847 506 3897 p.
527 3843 603 3883 ccxv
622 3828 719 3899 lton]

250 3917 291 3984 **)
311 3918 372 3972 Hoc
392 3917 504 3987 quidem
524 3935 605 3972 versu
625 3918 677 3972 etsi
697 3917 905 3973 concedendum
924 3917 968 3971 est
985 3932 1003 3970 a
1022 3919 1111 3986 poeta
1130 3936 1236 3988 posse
1253 3934 1311 3973 cuc

161 4015 211 4063 act
229 4008 386 4078 proiectum
405 4024 478 4074 esse,
508 4009 537 4061 et
555 4024 639 4076 supra
657 4007 744 4062 allato
763 4022 912 4060 conuersum
930 4011 1066 4074 quantum
1081 4012 1191 4074 potest,
1218 4010 1312 4062 men

162 4100 276 4168 propter
299 4098 361 4167 ipsa
384 4096 496 4166 gemina
518 4095 648 4164 exempla
671 4095 836 4163 discipulum
859 4095 888 4148 et
906 4096 1000 4147 cetera
1018 4094 1225 4151 necessitatem
1242 4094 1312 4151 illnd

162 4204 218 4242 non
232 4187 326 4241 habet.
346 4186 405 4240 Nec
420 4185 520 4239 Bacch.
532 4191 565 4238 48
577 4183 636 4254 [79]
651 4184 697 4238 vel
711 4184 860 4238 necessitas
879 4182 923 4236 vel
944 4181 968 4236 ci
986 4183 1056 4250 quid
1075 4184 1163 4240 video
1182 4182 1313 4256 probabi·

163 4277 229 4331 litas
248 4283 344 4331 macl
363 4277 469 4331 formae
488 4273 674 4329 demonstrari
688 4272 800 4343 poterit.
820 4270 911 4337 Quid?
930 4271 1005 4340 quod
1025 4271 1203 4342 quibusdam
1220 4290 1310 4330 exem

162 4366 217 4437 plis
235 4368 404 4422 contrariam
423 4364 452 4418 in
471 4368 580 4434 partem
594 4363 691 4417 valens
705 4361 889 4432 probabilitas
903 4360 1055 4417 manifesta
1069 4366 1125 4431 eat,
1144 4368 1180 4420 ut
1192 4366 1223 4420 in
1236 4365 1312 4418 exitu

163 4455 314 4526 septenarii
333 4456 409 4511 Tria.
430 4462 481 4510 'llo
500 4454 572 4523 qudd
590 4469 657 4522 apoc
675 4455 783 4507 maisit
802 4452 860 4505 libi.
