2926 5040
147 299 214 364 480
437 315 697 363 ruoaucouauu
721 316 769 362 or
794 314 1001 364 sauromavs

145 460 257 543 9Mi1.
281 460 339 544 ΙΙΙ,
366 462 496 543 1‚207:

238 601 303 680 Qui
325 603 388 667 uisi
412 603 571 668 adulterio
596 604 797 668 studiosus.
858 656 864 668 .
924 656 930 668 .
991 656 997 668 .
1061 655 1068 668 .
1133 657 1140 668 .
1204 657 1211 670 .

149 745 463 830 aMss.11,3‚25:

237 883 339 952 Trium
363 887 619 973 stultiloquium.
656 890 711 973 qui
736 912 812 954 uero
856 942 863 954 .
923 941 929 954 .
990 941 996 953 .
1059 941 1066 951 .
1132 940 1139 952 .
1204 940 1211 953 .

150 1054 213 1116 quo
233 1032 380 1116 exemplo
400 1011 678 1096 satisdefenditur
692 1032 777 1116 quod
792 1031 996 1096 Hermannus
1011 1032 1130 1114 posuit
1146 1030 1308 1096 Bacchi:

237 1173 297 1238 Pol
320 1173 510 1239 lusciniolae
534 1196 661 1259 quoque
685 1179 793 1238 metuo
860 1226 866 1238 .
926 1226 932 1237 .
993 1227 999 1238 .
1063 1227 1069 1239 .
1135 1227 1141 1238 .
1206 1227 1212 1238 .

150 1317 205 1380 ubi
228 1316 298 1400 ipse
322 1315 423 1381 Vetus
447 1318 571 1381 omittit
594 1317 679 1401 quod
704 1317 801 1402 vulgo
825 1310 954 1382 additur
977 1316 1085 1402 apo.*)

148 1425 162 1487 i
184 1422 270 1490 Trin.
290 1424 368 1489 378:

239 1550 351 1651 Egone
370 1566 550 1630 indotatam
570 1570 602 1630 te
621 1588 754 1631 uxorem
773 1571 810 1631 ut
823 1565 952 1651 patiar?
976 1565 1044 1632 LY.
1059 1569 1304 1653 patiunddmst,

1001 1679 1115 1758 pater:

149 1802 224 1844 nam
257 1780 331 1844 huic
363 1780 487 1844 formae
521 1782 599 1845 satis
632 1781 786 1865 praesidii
814 1782 964 1864 paratum
993 1802 1065 1845 esse
1096 1783 1148 1848 eis
1180 1784 1307 1849 videtur

150 1909 230 1971 quas
254 1887 287 1949 B
295 1892 312 1966 β
335 1891 368 1950 et
390 1888 432 1967 ὑβ
453 1888 572 1952 litteris
597 1888 806 1972 signavimus.
852 1887 1056 1971 Quamquam
1081 1912 1160 1955 cum
1185 1897 1216 1956 tc
1238 1914 1306 1977 pro

148 2016 266 2057 nomen
291 1994 528 2059 Ambrosianus
551 1997 691 2079 ignoret,
715 1995 825 2095 quaeri
848 1998 957 2089 potest
980 2016 1058 2059 num
1083 1997 1176 2062 forte
1196 2022 1218 2063 a
1236 2022 1306 2084 poc

150 2106 202 2164 tae
227 2123 322 2165 manu
349 2100 466 2165 horum
491 2101 620 2186 aliquod
645 2102 865 2186 exemplorum
889 2122 972 2185 quac
995 2101 1085 2166 infra
1109 2104 1211 2186 posui
1236 2126 1304 2188 pro

151 2208 269 2272 fectum
294 2209 349 2272 sit:

240 2335 352 2453 Egone
376 2351 556 2415 indotatam
580 2354 715 2415 uxorem
740 2355 776 2415 ut
799 2355 832 2415 te
855 2350 962 2434 patiar
991 2401 998 2414 .
1061 2402 1068 2415 .

238 2458 353 2542 Egone
376 2462 413 2522 ut
436 2464 468 2523 te
493 2459 675 2522 indotatam
698 2479 830 2521 uxorem
854 2458 996 2540 patiar.
1060 2509 1067 2521 .
1134 2512 1141 2524 .
1206 2514 1212 2525 .

239 2550 352 2651 Egone
375 2567 556 2631 indotatam
580 2569 618 2629 dt
640 2570 672 2630 te
697 2586 828 2631 uxorem
852 2563 998 2647 patiar.
1061 2616 1068 2627 .
1135 2619 1141 2630 .
1206 2621 1212 2632 .

149 2707 277 2772 k'l'rin.
303 2711 401 2774 1138:

240 2814 337 2880 Modo
362 2818 406 2880 mi
430 2815 617 2882 aduenienti
638 2821 797 2900 nugator.
857 2867 863 2879 .
924 2867 930 2878 .
991 2866 997 2877 .
1061 2867 1067 2877 .

151 2960 177 3022 si
202 2961 304 3024 libros
329 2960 501 3044 sequimur.
543 2958 664 3024 Verum
688 2960 750 3022 hoc
773 2981 866 3023 nemo
891 2980 955 3022 non
980 2958 1084 3022 sentit
1109 2966 1236 3044 quanto
1260 2983 1304 3026 as-

80 3086 135 3126 cca
152 3069 259 3149 perius
283 3066 322 3129 ad
347 3090 439 3131 aures
465 3068 589 3131 accidat
613 3089 709 3150 quarn
734 3066 839 3150 specie
864 3068 990 3128 tantum
1012 3064 1141 3131 similia
1162 3067 1303 3132 tractura

151 3173 199 3236 loe
221 3178 254 3236 et
275 3175 457 3237 insudatum:
482 3196 564 3257 quas
588 3174 744 3256 asperitas
769 3172 864 3236 nobis
888 3177 956 3236 tam
980 3176 1032 3235 est
1055 3174 1205 3238 molesta
1228 3176 1302 3257 viss,

150 3285 187 3342 ut
210 3302 282 3343 eum
306 3303 434 3344 versum
458 3303 524 3344 nou
547 3281 768 3345 dubitaremus
793 3279 937 3342 immisso
961 3277 1010 3340 tic
1034 3277 1075 3342 ad
1102 3280 1195 3345 illius
1219 3282 1304 3345 simi·

151 3387 320 3452 litudinem
343 3386 553 3473 revocare**)
577 3389 631 3471 qui
656 3391 706 3451 est
729 3387 763 3450 in
779 3385 900 3450 Bacch.
925 3386 990 3446 506
1016 3385 1128 3468 [53812

239 3529 325 3595 Num
350 3553 431 3614 quae
453 3531 631 3595 Maeoniam
653 3530 864 3614 aegritudo.
924 3579 930 3590 .
991 3578 997 3589 .
1059 3579 1065 3590 .
1130 3581 1138 3592 .
1203 3583 1210 3595 .

239 3672 362 3737 Tantae
387 3673 483 3736 molis
508 3677 577 3736 erat
601 3674 856 3755 septenariorunr
880 3669 1124 3735 trochaicorum
1145 3677 1182 3737 et
1201 3679 1302 3739 artem

149 3781 300 3844 eximiam
330 3784 362 3842 et
390 3779 548 3842 modicam
573 3780 732 3863 certisque
757 3779 874 3842 finibus
898 3778 1184 3861 circumscriptam
1210 3780 1304 3845 liber·

150 3892 249 3952 tatem
275 3887 444 3970 explicare.
477 3884 526 3948 Ne
550 3891 659 3949 tamen
683 3886 716 3948 in
736 3885 870 3948 nimiam
890 3883 1007 3947 molem
1027 3886 1199 3968 praefatio
1223 3910 1304 3952 cres·

150 3999 215 4077 cat,
238 3995 363 4078 reliqua
387 3998 489 4057 metra
512 3993 607 4055 mitto
632 3993 664 4055 iu
689 4014 850 4075 praesens,
874 3993 906 4054 iu
931 4012 968 4054 eo
993 3991 1065 4055 solo
1091 3996 1304 4079 acquiescens

149 4108 186 4165 ut
209 4102 421 4165 iambicorum
446 4100 746 4182 trochaicorumque
770 4100 802 4163 in
826 4098 1027 4163 observando
1051 4107 1197 4165 accentu
1221 4123 1305 4167 seve

240 4283 264 4344 *)
285 4278 336 4346 [Cf.
358 4277 458 4346 Opusc.
478 4276 545 4345 phil.
566 4276 589 4328 ll
610 4294 636 4344 p.
657 4277 730 4343 301.]
842 4298 849 4309 ·
929 4266 939 4287 ⁹

221 4369 262 4436 **)
284 4368 326 4437 [In
346 4367 388 4421 ed.
403 4366 452 4421 alt.
475 4366 635 4420 aduenienti
652 4365 768 4433 reliquit
786 4365 889 4419 addens
910 4363 974 4417 ‘etsi
992 4364 1061 4418 terri
1081 4371 1191 4436 potest„
1211 4372 1304 4423 haren

150 4456 225 4510 haud
244 4455 301 4510 scio
321 4473 356 4508 an
375 4459 451 4508 recte
471 4455 607 4523 gratiores
627 4470 756 4507 numeros
772 4453 931 4506 aduenienti
944 4454 989 4507 hic
1002 4456 1302 4528 commendaverim']
