2962 5032
462 338 727 388 nununfflorrs
751 338 960 388 PLAVTINAE.
1218 322 1284 387 377

135 481 294 565 graviore
317 483 433 550 mendo
457 484 555 549 cubat
577 483 661 548 Men.
684 482 726 567 II,
750 484 780 566 3,
803 483 855 548 84.
879 520 921 529 -
945 481 994 545 De
1018 487 1166 567 correpto
1190 483 1285 548 dade

135 588 203 653 etsi
227 588 371 655 dubitari
393 591 515 677 nequit,
537 594 647 656 tamen
661 589 841 656 Trinummi
865 590 995 675 quidem
1014 612 1042 654 v.
1058 590 1122 656 218
1147 613 1164 655 e
1187 590 1284 656 libro-

135 717 215 760 rum
242 697 399 762 memoria
427 700 508 764 unde
533 699 684 782 quidquod
706 697 817 762 eodem
840 698 926 782 iure,
953 720 1017 782 quo
1044 699 1126 762 ande
1151 699 1283 780 quidque

136 802 199 867 alii
215 801 413 888 [sicTrin.²],
437 828 496 871 nos
520 806 686 871 effecimus
705 825 778 869 cum
798 802 962 890 Scaligero
985 806 1071 870 unde
1088 806 1172 886 quod,
1195 804 1282 888 quod

134 910 175 975 in
201 910 282 975 illud
309 932 375 977 non
403 912 466 977 alio
496 934 603 978 errore
631 912 765 977 transiit
792 934 889 997 quam
918 913 1039 997 quoin
1064 911 1281 976 Ambrosiano

136 1033 398 1095 Qulsqmsqunu
421 1041 481 1104 pro
503 1022 666 1103 quisptam
689 1019 847 1104 scriptum
870 1020 920 1082 est
941 1040 970 1081 v.
994 1017 1118 1083 ela-
1145 1016 1281 1105 Cori-ep·
1296 1040 1421 1084 cxxvm

135 1129 212 1190 tum
233 1126 337 1190 intus
359 1129 424 1192 non
447 1148 516 1191 esse
540 1126 782 1193 sollicitandum
805 1124 951 1190 intellexi
970 1148 998 1189 v.
1017 1125 1099 1189 1101
1123 1126 1177 1190 sc‘d
1198 1127 1282 1192 intus

137 1231 279 1297 namobo'
299 1232 356 1298 tabi
376 1233 422 1298 Et
443 1233 499 1298 bo'c
521 1240 550 1299 et
570 1235 650 1299 otia:
683 1232 739 1298 ubi
763 1233 836 1317 ipsa
858 1231 942 1296 ratio
966 1232 1146 1297 sententiae
1171 1236 1204 1297 et
1225 1255 1281 1297 na-

137 1340 246 1405 tivum
275 1359 376 1425 genus
407 1339 560 1423 loquendi
591 1341 753 1405 inversum
785 1338 930 1404 ordinem
958 1340 1013 1403 sed
1033 1339 1168 1405 narrabo
1197 1341 1282 1405 intus

140 1447 198 1512 troi
218 1446 352 1531 respuit,
374 1447 471 1531 plane
494 1450 532 1512 ut
555 1446 671 1512 Militis
694 1446 752 1530 III,
779 1449 805 1529 1,
832 1446 886 1511 18:

228 1585 291 1653 de
322 1589 399 1654 uolo
433 1590 528 1674 scire,
561 1590 673 1655 eodem
706 1588 858 1672 consilio,
890 1589 974 1673 quod
1007 1589 1095 1655 intus
1131 1590 1283 1657 meditati

989 1720 1112 1762 sumus:

138 1840 195 1904 ubi
219 1839 434 1925 adloquendi
458 1841 721 1906 consuetudinem
745 1844 778 1905 et
797 1841 989 1906 facilitatem
1009 1840 1167 1906 sermonis
1176 1835 1280 1906 'valde

137 1946 219 2012 dura
246 1951 297 2012 est
324 1968 422 2032 quam
450 1946 617 2012 Aoidalius
646 1947 891 2013 collocationem
919 1947 1092 2014 verborum
1120 1970 1281 2013 commen-

137 2054 239 2119 dabat
265 2054 347 2136 qaod
371 2054 513 2118 meditati
539 2055 625 2118 intus
652 2075 768 2119 sumus.
814 2054 902 2139 Ergo
925 2076 966 2120 ne
990 2054 1028 2118 de
1053 2053 1190 2120 Casinas
1213 2054 1281 2138 qui-

138 2160 212 2226 dem
235 2181 331 2225 versu
354 2158 525 2245 111,3,24
548 2161 772 2246 dubitandum,
796 2161 874 2246 quin
897 2165 984 2226 recte
1008 2161 1093 2245 libri,
1117 2163 1216 2225 ctiam
1239 2161 1281 2245 A,

136 2266 237 2332 talam
260 2265 447 2332 exhibeant:

227 2408 244 2473 Ι
266 2413 303 2475 tu
326 2411 425 2495 atque
448 2432 574 2477 arcesse
597 2411 704 2475 illam:
729 2412 791 2494 e'go
815 2410 913 2493 intus,
937 2410 1022 2495 quod
1044 2411 1167 2477 factdst
1190 2433 1280 2496 opus.

137 2548 202 2616 Sed
226 2551 336 2618 Aulul.
357 2551 404 2637 ΙΙ,
428 2553 458 2638 8,
484 2553 523 2617 19
545 2576 661 2638 parum
685 2552 818 2637 sapiunt
840 2553 985 2637 profecto
1009 2555 1065 2639 qui
1088 2559 1116 2619 et
1137 2554 1281 2635 strepitus

135 2659 181 2722 c'st
202 2661 288 2724 tatae
316 2660 556 2744 amplectuntur
579 2682 638 2744 pro
662 2665 692 2724 et
711 2660 870 2741 strepitust
891 2660 984 2727 intus.
1010 2698 1048 2707 —
1074 2658 1148 2726 Non
1172 2660 1280 2725 minus

137 2767 227 2829 certa
259 2764 407 2849 exempla
439 2769 605 2851 correptae
636 2766 736 2831 inter
767 2765 1020 2849 praepositionis
1051 2767 1133 2832 haec
1160 2766 1279 2832 habeto

136 2868 230 2956 Capt.
253 2869 316 2956 III,
339 2873 369 2956 4,
393 2872 445 2937 84.
482 2870 554 2937 Cas.
578 2871 617 2956 V,
640 2874 661 2937 4
683 2873 769 2938 init:

225 3011 321 3078 Ndnc
347 3034 408 3099 ego
437 3015 523 3079 inter
551 3019 678 3079 sacrum
707 3038 881 3102 saxumque
905 3020 956 3083 st6
980 3039 1039 3083 neo
1062 3019 1137 3104 quid
1161 3018 1280 3085 faciam

989 3146 1065 3190 soro.

225 3225 320 3292 Nunc
343 3248 406 3312 ego
428 3229 513 3293 inter
537 3233 664 3294 sacrum
689 3251 866 3315 saxumque
890 3236 962 3296 sum
984 3253 1043 3297 nec
1067 3256 1130 3318 quo
1153 3232 1279 3317 fugidm

987 3360 1067 3404 soro:

137 3464 275 3527 quorum
289 3464 441 3508 versuum
459 3442 598 3508 invicem
617 3465 687 3509 sese
707 3444 884 3508 tutantium
904 3444 987 3509 alter
1006 3467 1044 3509 ex
1058 3445 1278 3512 Ambrosiano

135 3549 263 3614 demum
286 3550 418 3635 prodiit,
440 3555 528 3617 recte
551 3551 652 3616 lectus
676 3550 717 3616 ab
740 3550 868 3636 Angelo
891 3550 989 3616 Maio.
1034 3550 1279 3637 Imperitissime

135 3659 170 3722 in
203 3658 310 3743 priore
332 3655 472 3722 Bothius
506 3658 600 3723 Nunc
631 3679 682 3740 epo
714 3678 838 3721 socom
870 3659 950 3722 lota
976 3679 1155 3740 socrumque:
1193 3680 1278 3724 nam

136 3764 287 3828 brevem
316 3765 488 3830 vocalem
517 3770 604 3829 ante
632 3769 773 3829 mutam
797 3786 878 3828 cum
903 3765 1053 3848 liquida
1075 3787 1278 3849 numquam

134 3869 187 3934 vel
225 3869 310 3955 apud
346 3870 498 3936 Plautum
536 3871 588 3934 vel
626 3870 659 3934 in
698 3871 797 3935 veteri
835 3871 926 3955 poesi
963 3869 1156 3936 Latinorum
1191 3894 1278 3956 pro·

135 3976 222 4041 duci
250 3980 318 4041 tam
341 3979 392 4041 est
415 3999 474 4060 pro
502 3981 589 4041 certo
619 3981 652 4041 et
675 3977 843 4062 explorato
866 3976 1065 4060 habendum,
1098 3981 1134 4041 ut
1156 3977 1194 4041 de
1218 3978 1279 4043 hac

134 4081 264 4166 quidem
293 4105 328 4148 re
352 4083 486 4147 verbum
509 4105 574 4148 non
599 4083 738 4167 amplius
763 4082 930 4147 additurus
955 4084 1017 4147 sim
1040 4082 1149 4147 iubis
1173 4083 1277 4167 prole·
1292 4117 1392 4158 cmx

112 4185 329 4275 'gomenis.*)
363 4187 449 4254 Satis
472 4188 573 4272 igitur
596 4189 748 4272 praesidii
770 4192 921 4272 paratum
946 4193 996 4253 est
1015 4188 1197 4254 Trinummi
1214 4190 1276 4255 709

224 4365 250 4431 ⁸)
269 4364 431 4420 Tenendum
450 4363 504 4419 hoc
523 4366 585 4419 erat
602 4363 632 4418 in
651 4380 746 4418 eorum
765 4363 941 4434 potissimum
955 4381 1086 4419 versuum
1099 4364 1277 4433 tractatione,

135 4453 165 4507 in
185 4451 286 4521 quibus
305 4470 385 4509 casus
404 4452 512 4522 obliqui
530 4470 595 4523 oper
613 4453 689 4508 vocis
707 4453 799 4508 locum
819 4453 932 4522 habent,
950 4455 982 4507 ut
1001 4459 1060 4508 560.
1072 4459 1132 4509 aba.
1143 4459 1202 4509 687.
1212 4459 1277 4508 70οε
