2962 5032
430 218 692 267 nnnrnnrrours
716 217 924 265 acerruma.
1191 199 1256 265 365

104 361 237 447 agimus
261 361 314 425 lex
335 361 496 427 sermonis
519 382 584 426 non
608 361 717 445 aliqua
740 383 778 426 ex
801 364 893 445 parte
913 359 1008 424 cadit.
1045 357 1121 424 Non
1141 359 1257 444 loquor
1354 378 1360 390 ·

105 469 149 533 de
175 469 320 550 satarum
345 490 406 552 pro
431 468 577 549 feteam
603 489 665 534 esse
690 469 814 552 posito,
847 467 932 552 quod
960 466 1194 551 propemodum
1222 466 1254 530 in

106 576 267 641 infinitivi
292 581 444 642 naturam
473 575 554 640 abiit
576 572 616 661 (e.
640 596 665 638 e.
689 571 782 659 Capt.
805 574 853 659 Il,
876 576 906 657 3,
929 576 981 639 67.
1005 572 1077 640 (las.
1101 575 1181 659 prol.
1205 574 1256 640 57.

105 681 169 767 IV,
192 683 222 766 2,
244 683 274 748 9.
297 681 392 767 Epid.
416 682 456 767 V,
481 684 509 766 1,
535 683 585 747 19.
608 681 704 747 Most.
728 682 752 762 I,
776 683 807 766 3,
830 681 881 747 45.
906 679 973 768 68),
996 704 1055 747 nec
1079 682 1118 746 de
1141 681 1256 746 talium

104 789 293 874 frequentia
315 790 425 874 qualia
448 792 524 854 sunt
544 790 664 871 factum
681 789 787 870 probo,
809 790 925 853 dietum
947 790 1094 871 oportuit,
1117 788 1155 851 de
1180 810 1256 872 quo·

104 921 184 963 rum
203 899 329 965 ratione
348 898 456 982 pueris
475 901 618 962 constat:
638 897 692 961 sed
711 919 777 961 non
796 895 982 961 Plautinum
1002 895 1108 961 luerat
1126 918 1153 960 r.
1172 894 1256 960 1156

106 1006 213 1087 filiam
241 1027 342 1071 meam
371 1005 427 1069 tibi
456 1006 666 1087 desponsatam
696 1005 803 1083 audio,
833 1004 889 1068 ubi
919 1006 1100 1086 desponsam
1126 1024 1201 1069 esse
1223 1003 1257 1068 B

108 1112 277 1197 praebuit:
298 1092 358 1178 nec
381 1112 487 1197 magis
515 1112 703 1177 Plautinum
722 1112 841 1177 Bacch.
859 1111 900 1196 II,
919 1113 948 1196 2,
966 1113 1011 1177 40
1032 1117 1069 1176 el
1091 1112 1171 1176 bene
1192 1132 1257 1175 rem

108 1225 222 1285 natam
244 1220 392 1302 intellegis,
416 1219 563 1305 quamvis
588 1242 607 1284 a
630 1218 779 1284 Bentleio
804 1219 884 1284 olim
903 1219 937 1283 in
955 1218 1027 1284 Ter.
1042 1217 1179 1303 Adelph.
1198 1216 1257 1300 III,

113 1329 142 1411 1,
166 1328 186 1392 8
209 1331 244 1392 et
267 1326 308 1391 ab
331 1325 520 1392 Hermanno
543 1348 647 1410 nuper
669 1327 860 1411 probatum,
888 1347 945 1410 pro
970 1349 1034 1411 quo
1058 1348 1076 1390 e
1099 1326 1257 1391 librorum

111 1434 276 1518 scriptura
304 1438 341 1499 at
370 1433 450 1498 liene
476 1454 541 1498 rem
567 1438 677 1497 natum
704 1454 765 1499 esse
790 1433 928 1516 intellepo
955 1433 1157 1499 efficiendum
1186 1436 1258 1497 erat

110 1547 148 1606 ut
173 1562 239 1607 rem
266 1561 327 1607 esse
357 1540 438 1606 hume
464 1545 573 1605 nalem
600 1541 738 1623 intellego
765 1539 831 1626 (vel
860 1540 998 1605 fortasse
1026 1545 1152 1604 utrem
1177 1538 1258 1604 bone

108 1653 220 1713 natam
237 1668 301 1713 esse
317 1645 443 1734 int.*)):
462 1670 538 1714 nam
558 1648 658 1713 etiarn
677 1647 805 1711 hiulcus
820 1643 958 1712 Casinae
972 1669 1084 1712 versus
1099 1646 1140 1730 ΙΙ,
1155 1646 1185 1731 5,
1200 1646 1257 1711 35:

295 1789 370 1856 Tibi
394 1794 427 1855 et
450 1788 602 1856 Chalino:
627 1791 675 1856 ita
697 1813 766 1856 rem
789 1794 900 1855 natam
924 1791 1079 1876 intellego

108 1936 182 2020 ipso
214 1934 362 2000 immisso
395 1953 457 1999 esse
491 1934 761 2018 redintegrandus
795 1934 911 2020 est.**)
942 1971 980 1980 —
1015 1932 1115 1999 Nullo
1148 1936 1257 1997 autem

110 2028 273 2106 monitore
292 2063 372 2125 opus
392 2045 450 2121 est,
472 2045 510 2106 ut
533 2064 599 2106 non
618 2061 713 2124 posse
734 2041 869 2104 aliorum
889 2043 1018 2124 praeter
1040 2040 1147 2124 ipsum
1165 2061 1257 2124 prae·
1271 2064 1346 2106 cxrv

111 2170 186 2213 sens
209 2153 393 2232 temporum
411 2148 534 2214 formas
554 2149 750 2232 cogitatione
770 2146 844 2211 addi
867 2146 1054 2231 intellegas:
1079 2147 1165 2231 quod
1188 2147 1257 2231 qni-

109 2254 183 2320 dem
208 2277 424 2322 commemoro
447 2259 580 2340 propter
602 2255 760 2320 insertum
784 2255 824 2319 ab
843 2253 1031 2319 Hermanno
1051 2276 1080 2319 v.
1100 2255 1165 2322 822
1185 2254 1258 2335 fuit.

200 2362 263 2429 sed
291 2361 398 2446 abripi
427 2385 478 2427 me
501 2385 617 2447 passus
648 2385 719 2427 sum
750 2362 889 2447 longius.
935 2359 1088 2446 Superest
1112 2361 1198 2426 enim
1221 2365 1258 2426 ut

110 2469 150 2534 de
173 2491 211 2534 eo
235 2469 307 2535 loco
331 2469 465 2551 dicatur,
489 2492 583 2555 quem
608 2470 751 2536 omnium
775 2473 868 2535 const
854 2473 904 2534 tat
922 2473 956 2534 et
974 2467 1257 2552 impeditissimum

110 2575 605 2642 esseettinfructuosissimum:
630 2577 835 2662 quiquidem
860 2574 1258 2658 assimilattionelutwbre

110 2684 192 2748 viter
214 2681 344 2769 loquar)
366 2684 643 2768 praepositionum
674 2707 747 2750 cum
776 2684 884 2749 verbis
909 2683 1161 2768 compositarum
1184 2704 1257 2749 con·

110 2790 241 2855 tinctur.
287 2789 441 2875 Itaqne'
432 2813 466 2856 1n
496 2791 612 2856 horum
643 2792 802 2858 varietate
830 2792 926 2857 certis
956 2790 1083 2876 legibus
1114 2789 1259 2876 regunda

115 2920 174 2963 nec
197 2917 258 2982 ego
282 2897 370 2962 volui
393 2920 524 2983 operam
548 2899 690 2983 perdere,
714 2901 769 2983 qui
792 2899 874 2964 nihil
898 2899 932 2963 in
956 2920 993 2963 eo
1018 2919 1135 2984 genere
1161 2918 1257 2981 posse

112 3005 226 3089 profici
253 3003 492 3090 intellegerem,
519 3005 583 3069 nisi
607 3009 643 3070 ut
673 3008 730 3069 aut
755 3005 945 3071 horridioris
974 3005 1194 3089 antiquitatis,
1225 3007 1260 3069 at

111 3112 317 3197 antiquitatis
345 3116 456 3177 tamen
478 3113 618 3197 vestigia
647 3114 852 3179 abolerentur
875 3117 932 3178 aut
954 3112 1173 3178 inauditarum
1196 3111 1259 3176 for-

112 3349 207 3410 saepe
229 3327 482 3392 inconstantiam
506 3348 687 3413 propagare
706 3327 826 3391 veritus
851 3350 868 3392 e
892 3326 1073 3391 veterrimis
1093 3325 1258 3390 codicibus

112 3435 201 3500 volui
230 3435 368 3519 singulis
396 3435 430 3497 in
456 3435 537 3499 locis
560 3434 707 3517 pendere.
753 3432 861 3498 Vnum
890 3436 1070 3499 esttamen
1094 3431 1258 3515 quiddam,

112 3542 197 3626 quod
224 3563 285 3607 nec
306 3541 588 3626 praepositionum
611 3541 729 3605 finibus
753 3544 921 3618 coercetur
944 3543 978 3604 et
1001 3538 1161 3604 scribendi
1184 3560 1259 3602 con-

113 3649 266 3714 stantiam
284 3671 351 3714 non
371 3648 517 3713 admittit
534 3651 662 3713 tantum
682 3647 739 3711 sed
759 3648 856 3711 etiam
876 3647 1036 3730 postulat:
1055 3645 1151 3729 parili
1171 3646 1256 3711 enim

111 3777 224 3821 norma
246 3777 278 3821 se
299 3755 482 3820 litterarum
506 3755 693 3820 societatem
717 3754 792 3824 libri
816 3752 960 3817 Plautini
988 3754 1021 3818 in
1049 3774 1259 3820 suscensere

112 3860 155 3945 (r.
182 3863 275 3927 1164.
302 3863 397 3928 1166.
423 3862 533 3949 1174),
554 3863 711 3928 sescenti
734 3859 837 3948 (791),
858 3862 1071 3943 sesquipede
1094 3858 1189 3947 (903)
1211 3862 1259 3926 ita

111 3972 250 4054 tuentur,
274 3974 311 4034 ut
334 3970 533 4036 abhorreant
551 3993 570 4034 a
593 3990 762 4035 srrceenserc
784 3969 914 4034 scacarii
936 3969 1115 4051 sesquepede
1136 3968 1257 4033 formis.

200 4167 227 4233 ⁴³)
248 4163 300 4233 [sic
320 4180 382 4219 cum
401 4162 506 4232 Pylade
525 4162 693 4217 Ritschclius
711 4163 740 4215 in
759 4161 817 4215 edil
806 4162 901 4230 i.tone]

181 4244 538 4324 **)[E1Addendisp
558 4266 686 4306 cccxxv:
714 4250 801 4304 ‘illud
824 4252 927 4305 addere
949 4251 1063 4320 poteris,
1082 4249 1157 4319 quod
1174 4249 1257 4320 tetigi

111 4342 200 4399 Musei
218 4343 317 4413 philol
335 4342 543 4412 novit.le
564 4342 632 4395 682’
654 4343 699 4409 (ε
666 4340 816 4410 =.Opusc
836 4341 994 4411 phil.le
1015 4341 1099 4409 336).]
