2962 5032
222 212 287 280 400
509 232 771 284 euouueousua
794 235 841 282 us
866 236 1076 285 aruioumvs

312 379 383 456 Quo
408 381 514 445 61111611
538 381 593 464 qui
616 386 757 446 aetatem
780 380 904 464 aazias
927 382 1015 446 caste
1037 403 1140 446 suam.

114 534 206 575 cem
222 519 344 585 Verum
369 521 534 588 fatendum
559 530 609 589 est
633 525 679 590 ita
702 528 907 609 comparatos
931 546 996 589 non
1020 545 1098 606 esse,
1124 523 1180 607 qui
1205 527 1297 588 certa
1318 546 1366 588 er·

222 630 329 715 empla
351 631 543 715 praebeant,
568 653 676 696 versus
700 654 765 696 nou
789 632 936 696 codicum
959 635 1088 695 tantam
1110 629 1175 694 fide
1198 629 1366 695 Plautino

221 758 305 817 rum,
337 738 393 800 sed
427 738 634 821 antiquorum
668 740 860 803 auctoritate
893 738 1181 823 grammaticorum
1213 738 1367 803 firmatos.

220 841 401 907 illiusmodi
425 845 551 928 aliquot
574 845 738 930 Parergon
763 868 793 928 p.
817 845 860 909 22
884 844 1065 929 composui:
1103 866 1142 908 ex
1165 843 1230 908 hoc
1253 866 1367 929 genere

221 950 284 1014 tria
298 948 454 1016 Varronis
479 951 517 1016 de
541 952 561 1018 l.
584 952 639 1017 lat.
663 953 852 1017 testimonia
874 950 1023 1015 attulisse
1043 952 1123 1015 satis
1147 951 1255 1016 habeo
1280 949 1365 1030 eVl,
1472 1031 1481 1045 ⁴

221 1056 272 1121 89.
297 1054 431 1141 V11,78
456 1063 489 1124 61
511 1058 550 1142 X,
571 1059 613 1123 70
637 1056 738 1144 (Triu.
763 1058 857 1141 886):

309 1198 375 1264 Vbi
398 1200 539 1284 primum
564 1224 717 1266 aecensus
740 1202 894 1266 chimcrcil
916 1200 1093 1267 meridiem.

308 1304 460 1372 Hectdris
483 1312 597 1372 natum
619 1309 661 1372 dc'
678 1309 770 1373 muro
790 1309 948 1373 iactarier.

308 1411 509 1479 Cdneubium
540 1416 584 1479 sit
612 1415 718 1479 noctis
748 1417 939 1500 priusquam
969 1417 1009 1480 ad
1034 1416 1228 1498 pistremrim
1256 1420 1362 1500 perue-
1402 1460 1478 1487 -,

1072 1546 1169 1589 nens.

219 1662 306 1728 Nam
337 1665 440 1729 altero
472 1687 565 1729 versu
595 1667 631 1729 dc
652 1687 741 1730 usuro
769 1688 903 1751 prorsus
932 1670 1074 1751 aequant
1103 1666 1296 1731 molossum:
1330 1666 1361 1730 in
1416 1698 1475 1726 ιι

220 1771 370 1855 qualibus
390 1773 417 1836 si
437 1774 492 1856 qui
512 1772 550 1836 de
570 1773 742 1858 spondeo
762 1774 870 1857 potius
890 1772 1059 1837 dicendum
1079 1794 1149 1837 esse
1168 1772 1437 1839 contendant&
1455 1779 1480 1836 it

220 1883 372 1961 quartum
398 1880 478 1963 pede
507 1885 699 1965 occupante,
731 1903 782 1945 res
806 1882 918 1946 eodem
942 1882 1026 1946 redit
1048 1881 1197 1964 idemque
1222 1880 1256 1943 in
1279 1879 1478 1944 bunc-*sne

220 1985 397 2069 spondeum
420 1982 530 2072 (quem
555 2008 620 2050 non
644 1992 755 2070 potest
776 2010 841 2053 non
860 1987 1085 2071 monosyllaba
1103 1990 1178 2070 post
1196 2004 1479 2052 caesuramm

220 2093 332 2157 vocula
356 2092 557 2180 praecedere)
586 2095 671 2178 quod
696 2094 731 2158 in
754 2096 933 2160 molossum
957 2095 1052 2160 cadit.
1098 2092 1230 2158 Tertius
1255 2096 1477 2158 autenm

219 2221 329 2264 versus
353 2199 416 2264 etsi
442 2222 505 2265 non
529 2204 579 2264 est
598 2202 753 2284 senarius,
776 2205 977 2266 tamencum
998 2201 1132 2265 senariis
1153 2223 1225 2265 eam
1245 2200 1284 2263 de
1303 2218 1445 2283 quae
1470 2222 1472 2245 =

219 2307 347 2391 agimus
370 2307 531 2372 rationem
555 2308 711 2373 trochaici
735 2308 908 2393 septenarii
932 2330 1065 2392 prorsus
1085 2327 1293 2372 communem
1310 2305 1399 2369 116-
1407 2320 1478 2363 ,ι-

219 2413 309 2478 bent:
341 2415 425 2498 quod
457 2414 587 2497 quidem
618 2437 656 2479 co
687 2415 796 2479 minus
826 2414 1012 2480 mirandum
1040 2419 1104 2498 est,
1137 2436 1203 2498 quo
1235 2412 1427 2497 saepiae
1447 2429 1475 2468 „s

219 2542 292 2584 cum
316 2520 437 2585 eisdem
461 2522 597 2585 senariis
622 2522 721 2585 etiam
746 2521 998 2585 choriambicum
1022 2522 1057 2584 in
1079 2521 1190 2585 eodem
1212 2520 1284 2585 loco
1307 2542 1397 2584 nu-
1421 2535 1470 2576 1·

219 2649 343 2691 merum
366 2627 572 2711 participant,
598 2632 632 2690 ut
650 2627 738 2692 Trin.
753 2628 827 2692 320.
850 2628 923 2692 334.
948 2629 1021 2692 717.
1045 2626 1390 2693 951.1022.’1128;
1456 2644 1463 2682 .·

307 2789 484 2853 Β611616616
507 2790 687 2853 benefactis
712 2790 785 2852 aliis
806 2790 953 2870 patemo
976 2810 1016 2852 ne
1040 2789 1221 2873 perpluant,

219 2954 252 3013 et
275 2950 320 3012 sic
343 2950 376 3012 in
400 2950 532 3033 reliquis
556 2949 673 3012 deliciis
691 2949 879 3033 disperdidit,
902 2950 1049 3032 Lysiteles
1067 2950 1263 3030 6961611016,
1287 2970 1429 3012 corii—‘-

219 3076 369 3119 evremarus
391 3056 550 3136 epistulas,
580 3056 717 3135 ferriteri
739 3058 914 3138 rrruslipiuc,
942 3056 1083 3119 corrsuloi
1104 3055 1251 3136 fideliler:
1284 3056 1402 3118 iteu-

220 3160 335 3225 Baech.
359 3164 400 3225 59
426 3163 506 3243 190}
552 3163 668 3246 Itaque
692 3163 730 3226 de
755 3163 811 3225 illo
836 3183 965 3246 genere,
994 3161 1079 3245 quod
1103 3162 1289 3225 molossicis
1313 3183 1387 3225 (ον

219 3270 343 3333 sabulis
363 3270 653 3352 comprehenditur,
677 3270 723 3334 sic
743 3270 949 3333 statuendum
969 3273 1029 3351 est,
1051 3272 1087 3332 ut
1106 3289 1220 3351 reapse
1241 3266 1373 3351 aliquid

219 3378 420 3460 asperitatis,
445 3378 528 3461 quod
553 3400 618 3442 non
643 3377 804 3460 suaderet,
826 3376 882 3440 sed
906 3375 1107 3439 dissuaderet
1130 3375 1259 3438 aurium
1284 3373 1366 3438 iudi-

219 3484 302 3546 cium
327 3489 360 3548 et
384 3486 467 3548 ratio
491 3506 710 3567 numerorum,
734 3484 909 3568 patientius
934 3505 1029 3566 quam
1054 3487 1209 3565 parerat
1233 3482 1365 3545 cosdem·

126 3618 204 3657 ccxv
219 3594 332 3673 poetas
357 3592 470 3653 tulisse
493 3590 734 3675 intellegamus
762 3613 899 3675 quorum
927 3591 959 3653 iu
987 3590 1118 3674 reliquis
1142 3590 1294 3672 partibus
1319 3609 1358 3650 se-

218 3698 384 3761 nariorum
413 3700 734 3782 septenariorumque
764 3699 1001 3763 condendorum
1030 3697 1209 3780 perfectam
1234 3698 1358 3780 elegan-

219 3805 298 3868 tiam
323 3805 526 3888 suspicimus.
572 3804 646 3868 Tali
670 3810 779 3869 tamen
803 3806 1011 3890 neglegentia
1035 3802 1123 3887 (nam
1147 3803 1295 3887 profecte
1319 3804 1359 3866 (11·

219 3913 372 3996 ligentiae
395 3913 522 3975 laudem
543 3913 622 3976 illud
646 3935 712 3977 non
736 3912 848 3996 habet)
872 3934 934 3995 quo
959 3910 1064 3994 magis
1088 3910 1192 3974 libera
1215 3933 1287 3974 esse
1311 3933 1361 3974 ars

218 4020 366 4083 universa
389 4020 520 4083 illorum
543 4023 712 4101 poetarum
737 4020 828 4102 solet,
851 4042 889 4082 eo
913 4041 971 4083 nos
991 4019 1029 4082 de
1053 4018 1191 4101 singulis
1212 4018 1362 4101 suspitio·

219 4127 319 4191 siores
343 4149 413 4190 esse
436 4128 527 4191 decet
550 4131 583 4190 et
606 4127 774 4210 aliquanto
799 4127 921 4190 tardius
946 4126 984 4189 de
1007 4129 1178 4208 poetarum
1201 4147 1299 4209 quam
1324 4125 1362 4189 de

218 4233 425 4297 librariorum
451 4234 529 4296 vitio
555 4233 709 4316 cogitare:
734 4234 766 4296 id
792 4234 875 4317 quod
900 4237 985 4298 reete
1009 4233 1074 4296 ianr
1099 4231 1266 4294 Bentleius
1292 4254 1364 4295 sen·

218 4341 262 4403 sit
294 4341 327 4402 in
361 4340 496 4424 Adelph.
525 4339 581 4421 ll',
611 4341 644 4420 2,
672 4342 722 4402 52.
773 4339 886 4424 Itaque
920 4341 1017 4402 etiam
1050 4340 1105 4421 qui
1138 4338 1364 4402 taeterrimum
