<?xml version="1.0" encoding="UTF-8"?>
<!DOCTYPE html PUBLIC "-//W3C//DTD XHTML 1.0 Transitional//EN"
    "http://www.w3.org/TR/xhtml1/DTD/xhtml1-transitional.dtd">
<html xmlns="http://www.w3.org/1999/xhtml" xml:lang="en" lang="en">
 <head>
  <title>
</title>
<meta http-equiv="Content-Type" content="text/html;charset=utf-8" />
  <meta name='ocr-system' content='tesseract 3.04.00' />
  <meta name='ocr-capabilities' content='ocr_page ocr_carea ocr_par ocr_line ocrx_word'/>
</head>
<body>
  <div class='ocr_page' id='page_1' title='image "./fridericiritsch02wachgoog_0588.png"; bbox 0 0 2962 5032; ppageno 0'>
   <div class='ocr_carea' id='block_1_1' title="bbox 607 321 1315 399">
    <p class='ocr_par' dir='ltr' id='par_1_1' title="bbox 607 321 1315 399">
     <span class='ocr_line' id='line_1_1' title="bbox 607 321 1315 399; baseline -0.004 -11"><span class='ocrx_word' id='word_1_1' title='bbox 607 342 651 388; x_wconf 85' lang='lat' dir='ltr'>au</span> <span class='ocrx_word' id='word_1_2' title='bbox 676 341 876 389; x_wconf 72' lang='lat' dir='ltr'>mormacus.</span> <span class='ocrx_word' id='word_1_3' title='bbox 1250 321 1315 399; x_wconf 73' lang='lat'>569</span> 
     </span>
    </p>
   </div>
   <div class='ocr_carea' id='block_1_2' title="bbox 169 484 1388 1212">
    <p class='ocr_par' dir='ltr' id='par_1_2' title="bbox 169 484 1388 1212">
     <span class='ocr_line' id='line_1_2' title="bbox 171 484 1314 568; baseline -0.001 -20"><span class='ocrx_word' id='word_1_4' title='bbox 171 484 207 548; x_wconf 93' lang='lat' dir='ltr'>in</span> <span class='ocrx_word' id='word_1_5' title='bbox 237 484 471 568; x_wconf 81' lang='lat' dir='ltr'>perscrutanda</span> <span class='ocrx_word' id='word_1_6' title='bbox 501 484 628 549; x_wconf 77' lang='lat' dir='ltr'>articuli</span> <span class='ocrx_word' id='word_1_7' title='bbox 658 484 834 568; x_wconf 75' lang='lat' dir='ltr'>positione,</span> <span class='ocrx_word' id='word_1_8' title='bbox 870 484 901 548; x_wconf 81' lang='lat' dir='ltr'>ri</span> <span class='ocrx_word' id='word_1_9' title='bbox 932 486 964 548; x_wconf 88' lang='lat' dir='ltr'>et</span> <span class='ocrx_word' id='word_1_10' title='bbox 995 507 1053 549; x_wconf 89' lang='lat' dir='ltr'>usu</span> <span class='ocrx_word' id='word_1_11' title='bbox 1083 489 1151 548; x_wconf 91' lang='lat' dir='ltr'>tum</span> <span class='ocrx_word' id='word_1_12' title='bbox 1183 506 1314 548; x_wconf 89' lang='lat' dir='ltr'>casuum</span> 
     </span>
     <span class='ocr_line' id='line_1_3' title="bbox 170 590 1316 675; baseline -0.001 -21"><span class='ocrx_word' id='word_1_13' title='bbox 170 596 242 654; x_wconf 91' lang='lat' dir='ltr'>tum</span> <span class='ocrx_word' id='word_1_14' title='bbox 266 590 449 673; x_wconf 89' lang='lat' dir='ltr'>modorum,</span> <span class='ocrx_word' id='word_1_15' title='bbox 477 591 755 675; x_wconf 81' lang='lat' dir='ltr'>praepositionum</span> <span class='ocrx_word' id='word_1_16' title='bbox 777 590 1072 674; x_wconf 88' lang='lat' dir='ltr'>particularumque</span> <span class='ocrx_word' id='word_1_17' title='bbox 1096 593 1259 675; x_wconf 71' lang='lat' dir='ltr'>potestate</span> <span class='ocrx_word' id='word_1_18' title='bbox 1283 593 1316 654; x_wconf 92' lang='lat' dir='ltr'>et</span> 
     </span>
     <span class='ocr_line' id='line_1_4' title="bbox 170 697 1316 782; baseline 0 -21"><span class='ocrx_word' id='word_1_19' title='bbox 170 719 254 782; x_wconf 85' lang='lat' dir='ltr'>quae</span> <span class='ocrx_word' id='word_1_20' title='bbox 278 701 354 761; x_wconf 91' lang='lat' dir='ltr'>sunt</span> <span class='ocrx_word' id='word_1_21' title='bbox 376 698 518 782; x_wconf 91' lang='lat' dir='ltr'>reliquae</span> <span class='ocrx_word' id='word_1_22' title='bbox 541 697 711 763; x_wconf 83' lang='lat' dir='ltr'>struendae</span> <span class='ocrx_word' id='word_1_23' title='bbox 736 698 891 762; x_wconf 89' lang='lat' dir='ltr'>orationis</span> <span class='ocrx_word' id='word_1_24' title='bbox 914 702 1039 781; x_wconf 88' lang='lat' dir='ltr'>partes,</span> <span class='ocrx_word' id='word_1_25' title='bbox 1063 702 1095 761; x_wconf 89' lang='lat' dir='ltr'>et</span> <span class='ocrx_word' id='word_1_26' title='bbox 1119 702 1258 762; x_wconf 88' lang='lat' dir='ltr'>mentem</span> <span class='ocrx_word' id='word_1_27' title='bbox 1283 700 1316 762; x_wconf 93' lang='lat' dir='ltr'>et</span> 
     </span>
     <span class='ocr_line' id='line_1_5' title="bbox 171 794 1314 888; baseline -0.001 -20"><span class='ocrx_word' id='word_1_28' title='bbox 171 806 362 869; x_wconf 87' lang='lat' dir='ltr'>memoriam</span> <span class='ocrx_word' id='word_1_29' title='bbox 391 808 570 870; x_wconf 80' lang='lat' dir='ltr'>exerceant.</span> <span class='ocrx_word' id='word_1_30' title='bbox 616 803 738 870; x_wconf 93' lang='lat' dir='ltr'>Verum</span> <span class='ocrx_word' id='word_1_31' title='bbox 764 794 946 888; x_wconf 80' lang='lat' dir='ltr'>parcissimi</span> <span class='ocrx_word' id='word_1_32' title='bbox 976 803 1095 868; x_wconf 87' lang='lat' dir='ltr'>fuimus</span> <span class='ocrx_word' id='word_1_33' title='bbox 1118 804 1152 867; x_wconf 91' lang='lat' dir='ltr'>in</span> <span class='ocrx_word' id='word_1_34' title='bbox 1175 803 1215 868; x_wconf 91' lang='lat' dir='ltr'>iis</span> <span class='ocrx_word' id='word_1_35' title='bbox 1239 805 1314 868; x_wconf 87' lang='lat' dir='ltr'>affe-</span> 
     </span>
     <span class='ocr_line' id='line_1_6' title="bbox 171 910 1313 997; baseline -0.002 -21"><span class='ocrx_word' id='word_1_36' title='bbox 171 912 290 994; x_wconf 89' lang='lat' dir='ltr'>rendis,</span> <span class='ocrx_word' id='word_1_37' title='bbox 314 934 452 997; x_wconf 91' lang='lat' dir='ltr'>quorum</span> <span class='ocrx_word' id='word_1_38' title='bbox 475 913 542 977; x_wconf 88' lang='lat' dir='ltr'>fere</span> <span class='ocrx_word' id='word_1_39' title='bbox 565 912 718 977; x_wconf 88' lang='lat' dir='ltr'>subtilior</span> <span class='ocrx_word' id='word_1_40' title='bbox 741 912 926 976; x_wconf 88' lang='lat' dir='ltr'>aestimatio</span> <span class='ocrx_word' id='word_1_41' title='bbox 951 915 1057 976; x_wconf 88' lang='lat' dir='ltr'>estet</span> <span class='ocrx_word' id='word_1_42' title='bbox 1080 910 1313 994; x_wconf 90' lang='lat' dir='ltr'>discipulorum</span> 
     </span>
     <span class='ocr_line' id='line_1_7' title="bbox 169 1017 1315 1104; baseline -0.003 -21"><span class='ocrx_word' id='word_1_43' title='bbox 169 1024 304 1102; x_wconf 91' lang='lat' dir='ltr'>captum</span> <span class='ocrx_word' id='word_1_44' title='bbox 332 1041 500 1104; x_wconf 89' lang='lat' dir='ltr'>superans,</span> <span class='ocrx_word' id='word_1_45' title='bbox 527 1023 564 1083; x_wconf 89' lang='lat' dir='ltr'>ut</span> <span class='ocrx_word' id='word_1_46' title='bbox 592 1020 619 1083; x_wconf 94' lang='lat' dir='ltr'>si</span> <span class='ocrx_word' id='word_1_47' title='bbox 647 1041 730 1103; x_wconf 91' lang='lat' dir='ltr'>quac</span> <span class='ocrx_word' id='word_1_48' title='bbox 758 1018 799 1082; x_wconf 87' lang='lat' dir='ltr'>ad</span> <span class='ocrx_word' id='word_1_49' title='bbox 822 1018 975 1102; x_wconf 91' lang='lat' dir='ltr'>loquendi</span> <span class='ocrx_word' id='word_1_50' title='bbox 998 1040 1092 1082; x_wconf 85' lang='lat' dir='ltr'>usum</span> <span class='ocrx_word' id='word_1_51' title='bbox 1116 1017 1315 1100; x_wconf 86' lang='lat' dir='ltr'>pertinerent</span> 
     </span>
     <span class='ocr_line' id='line_1_8' title="bbox 172 1122 1388 1212; baseline -0.003 -22"><span class='ocrx_word' id='word_1_52' title='bbox 172 1127 407 1212; x_wconf 85' lang='lat' dir='ltr'>verborumque</span> <span class='ocrx_word' id='word_1_53' title='bbox 427 1126 674 1210; x_wconf 83' lang='lat' dir='ltr'>significationis</span> <span class='ocrx_word' id='word_1_54' title='bbox 695 1125 895 1190; x_wconf 90' lang='lat' dir='ltr'>discrimina:</span> <span class='ocrx_word' id='word_1_55' title='bbox 919 1124 956 1188; x_wconf 90' lang='lat' dir='ltr'>de</span> <span class='ocrx_word' id='word_1_56' title='bbox 975 1125 1092 1208; x_wconf 92' lang='lat' dir='ltr'>quibus</span> <span class='ocrx_word' id='word_1_57' title='bbox 1112 1127 1240 1189; x_wconf 87' lang='lat' dir='ltr'>tanturn</span> <span class='ocrx_word' id='word_1_58' title='bbox 1261 1122 1314 1186; x_wconf 84' lang='lat' dir='ltr'>ad·</span> <span class='ocrx_word' id='word_1_59' title='bbox 1328 1139 1388 1178; x_wconf 78' lang='lat' dir='ltr'>vm</span> 
     </span>
    </p>
   </div>
   <div class='ocr_carea' id='block_1_3' title="bbox 127 1229 1314 3025">
    <p class='ocr_par' dir='ltr' id='par_1_3' title="bbox 168 1229 1314 1959">
     <span class='ocr_line' id='line_1_9' title="bbox 171 1229 1314 1318; baseline -0.003 -21"><span class='ocrx_word' id='word_1_60' title='bbox 171 1234 317 1316; x_wconf 81' lang='lat' dir='ltr'>lecimus,</span> <span class='ocrx_word' id='word_1_61' title='bbox 341 1236 505 1318; x_wconf 88' lang='lat' dir='ltr'>quantum,</span> <span class='ocrx_word' id='word_1_62' title='bbox 533 1236 569 1296; x_wconf 93' lang='lat' dir='ltr'>ut</span> <span class='ocrx_word' id='word_1_63' title='bbox 591 1232 742 1296; x_wconf 90' lang='lat' dir='ltr'>stimulus</span> <span class='ocrx_word' id='word_1_64' title='bbox 766 1230 965 1295; x_wconf 87' lang='lat' dir='ltr'>discentibus</span> <span class='ocrx_word' id='word_1_65' title='bbox 990 1229 1168 1314; x_wconf 87' lang='lat' dir='ltr'>adderetur,</span> <span class='ocrx_word' id='word_1_66' title='bbox 1191 1229 1314 1295; x_wconf 83' lang='lat' dir='ltr'>videre-</span> 
     </span>
     <span class='ocr_line' id='line_1_10' title="bbox 170 1335 1313 1411; baseline -0.003 -7"><span class='ocrx_word' id='word_1_67' title='bbox 170 1344 226 1404; x_wconf 91' lang='lat' dir='ltr'>tur</span> <span class='ocrx_word' id='word_1_68' title='bbox 250 1335 330 1404; x_wconf 81' lang='lat' dir='ltr'>satis</span> <span class='ocrx_word' id='word_1_69' title='bbox 354 1361 434 1411; x_wconf 88' lang='lat' dir='ltr'>esse.</span> <span class='ocrx_word' id='word_1_70' title='bbox 454 1376 495 1385; x_wconf 85' lang='lat'>-</span> <span class='ocrx_word' id='word_1_71' title='bbox 519 1337 669 1404; x_wconf 84' lang='lat' dir='ltr'>Ceterum</span> <span class='ocrx_word' id='word_1_72' title='bbox 692 1338 826 1403; x_wconf 88' lang='lat' dir='ltr'>minime</span> <span class='ocrx_word' id='word_1_73' title='bbox 850 1337 1026 1402; x_wconf 84' lang='lat' dir='ltr'>cavendam</span> <span class='ocrx_word' id='word_1_74' title='bbox 1050 1337 1199 1402; x_wconf 88' lang='lat' dir='ltr'>duximus</span> <span class='ocrx_word' id='word_1_75' title='bbox 1218 1338 1313 1404; x_wconf 92' lang='lat' dir='ltr'>unius</span> 
     </span>
     <span class='ocr_line' id='line_1_11' title="bbox 168 1442 1313 1531; baseline -0.002 -21"><span class='ocrx_word' id='word_1_76' title='bbox 168 1446 376 1531; x_wconf 85' lang='lat' dir='ltr'>eiusdemque</span> <span class='ocrx_word' id='word_1_77' title='bbox 410 1444 632 1509; x_wconf 88' lang='lat' dir='ltr'>annotationis</span> <span class='ocrx_word' id='word_1_78' title='bbox 667 1443 887 1526; x_wconf 85' lang='lat' dir='ltr'>iterationem,</span> <span class='ocrx_word' id='word_1_79' title='bbox 919 1466 1017 1527; x_wconf 87' lang='lat' dir='ltr'>quam</span> <span class='ocrx_word' id='word_1_80' title='bbox 1048 1444 1198 1509; x_wconf 89' lang='lat' dir='ltr'>consulto</span> <span class='ocrx_word' id='word_1_81' title='bbox 1232 1442 1313 1509; x_wconf 93' lang='lat' dir='ltr'>adeo</span> 
     </span>
     <span class='ocr_line' id='line_1_12' title="bbox 168 1550 1314 1635; baseline -0.003 -16"><span class='ocrx_word' id='word_1_82' title='bbox 168 1554 369 1635; x_wconf 87' lang='lat' dir='ltr'>admisimus,</span> <span class='ocrx_word' id='word_1_83' title='bbox 392 1556 462 1616; x_wconf 94' lang='lat' dir='ltr'>tum</span> <span class='ocrx_word' id='word_1_84' title='bbox 486 1550 571 1635; x_wconf 92' lang='lat' dir='ltr'>quod</span> <span class='ocrx_word' id='word_1_85' title='bbox 591 1551 764 1616; x_wconf 86' lang='lat' dir='ltr'>certamin</span> <span class='ocrx_word' id='word_1_86' title='bbox 785 1551 982 1616; x_wconf 89' lang='lat' dir='ltr'>scholastica</span> <span class='ocrx_word' id='word_1_87' title='bbox 1000 1550 1207 1615; x_wconf 91' lang='lat' dir='ltr'>institutione</span> <span class='ocrx_word' id='word_1_88' title='bbox 1226 1551 1314 1615; x_wconf 92' lang='lat' dir='ltr'>utili-</span> 
     </span>
     <span class='ocr_line' id='line_1_13' title="bbox 172 1657 1311 1743; baseline -0.003 -19"><span class='ocrx_word' id='word_1_89' title='bbox 172 1664 275 1724; x_wconf 88' lang='lat' dir='ltr'>tatem</span> <span class='ocrx_word' id='word_1_90' title='bbox 300 1657 471 1723; x_wconf 85' lang='lat' dir='ltr'>earundem</span> <span class='ocrx_word' id='word_1_91' title='bbox 494 1678 601 1722; x_wconf 91' lang='lat' dir='ltr'>rerum</span> <span class='ocrx_word' id='word_1_92' title='bbox 626 1658 675 1721; x_wconf 81' lang='lat' dir='ltr'>rel</span> <span class='ocrx_word' id='word_1_93' title='bbox 700 1659 813 1723; x_wconf 90' lang='lat' dir='ltr'>crebra</span> <span class='ocrx_word' id='word_1_94' title='bbox 835 1658 986 1743; x_wconf 88' lang='lat' dir='ltr'>repetitio</span> <span class='ocrx_word' id='word_1_95' title='bbox 1010 1657 1120 1740; x_wconf 89' lang='lat' dir='ltr'>habet,</span> <span class='ocrx_word' id='word_1_96' title='bbox 1142 1660 1212 1721; x_wconf 89' lang='lat' dir='ltr'>tum</span> <span class='ocrx_word' id='word_1_97' title='bbox 1236 1679 1311 1741; x_wconf 89' lang='lat' dir='ltr'>quo·</span> 
     </span>
     <span class='ocr_line' id='line_1_14' title="bbox 172 1763 1313 1851; baseline -0.004 -20"><span class='ocrx_word' id='word_1_98' title='bbox 172 1767 263 1832; x_wconf 93' lang='lat' dir='ltr'>niam</span> <span class='ocrx_word' id='word_1_99' title='bbox 288 1790 360 1832; x_wconf 90' lang='lat' dir='ltr'>raro</span> <span class='ocrx_word' id='word_1_100' title='bbox 384 1770 441 1831; x_wconf 89' lang='lat' dir='ltr'>aut</span> <span class='ocrx_word' id='word_1_101' title='bbox 462 1788 640 1851; x_wconf 91' lang='lat' dir='ltr'>numquam</span> <span class='ocrx_word' id='word_1_102' title='bbox 663 1767 704 1830; x_wconf 89' lang='lat' dir='ltr'>ab</span> <span class='ocrx_word' id='word_1_103' title='bbox 728 1765 843 1830; x_wconf 88' lang='lat' dir='ltr'>iisdem</span> <span class='ocrx_word' id='word_1_104' title='bbox 868 1765 1033 1850; x_wconf 89' lang='lat' dir='ltr'>discipulis</span> <span class='ocrx_word' id='word_1_105' title='bbox 1057 1763 1220 1828; x_wconf 81' lang='lat' dir='ltr'>Anabasis</span> <span class='ocrx_word' id='word_1_106' title='bbox 1243 1785 1313 1847; x_wconf 87' lang='lat' dir='ltr'>per·</span> 
     </span>
     <span class='ocr_line' id='line_1_15' title="bbox 172 1873 1179 1959; baseline -0.004 -21"><span class='ocrx_word' id='word_1_107' title='bbox 172 1878 333 1939; x_wconf 84' lang='lat' dir='ltr'>tractatur</span> <span class='ocrx_word' id='word_1_108' title='bbox 355 1874 492 1959; x_wconf 84' lang='lat' dir='ltr'>integra,</span> <span class='ocrx_word' id='word_1_109' title='bbox 515 1873 572 1938; x_wconf 88' lang='lat' dir='ltr'>sed</span> <span class='ocrx_word' id='word_1_110' title='bbox 596 1897 616 1938; x_wconf 89' lang='lat' dir='ltr'>a</span> <span class='ocrx_word' id='word_1_111' title='bbox 638 1874 777 1958; x_wconf 83' lang='lat' dir='ltr'>singulis</span> <span class='ocrx_word' id='word_1_112' title='bbox 801 1873 948 1958; x_wconf 84' lang='lat' dir='ltr'>singulae</span> <span class='ocrx_word' id='word_1_113' title='bbox 971 1873 1038 1937; x_wconf 88' lang='lat' dir='ltr'>fere</span> <span class='ocrx_word' id='word_1_114' title='bbox 1062 1874 1179 1956; x_wconf 76' lang='lat' dir='ltr'>partes</span> 
     </span>
    </p>

    <p class='ocr_par' dir='ltr' id='par_1_4' title="bbox 170 1977 1313 2172">
     <span class='ocr_line' id='line_1_16' title="bbox 259 1977 1313 2064; baseline -0.003 -19"><span class='ocrx_word' id='word_1_115' title='bbox 259 1980 432 2045; x_wconf 87' lang='lat' dir='ltr'>Praeterea</span> <span class='ocrx_word' id='word_1_116' title='bbox 450 1985 483 2045; x_wconf 88' lang='lat' dir='ltr'>et</span> <span class='ocrx_word' id='word_1_117' title='bbox 500 2003 585 2045; x_wconf 89' lang='lat' dir='ltr'>nova</span> <span class='ocrx_word' id='word_1_118' title='bbox 604 1981 855 2064; x_wconf 86' lang='lat' dir='ltr'>conscripsimus</span> <span class='ocrx_word' id='word_1_119' title='bbox 875 1980 1016 2063; x_wconf 90' lang='lat' dir='ltr'>capitum</span> <span class='ocrx_word' id='word_1_120' title='bbox 1036 1977 1222 2061; x_wconf 90' lang='lat' dir='ltr'>summaria,</span> <span class='ocrx_word' id='word_1_121' title='bbox 1245 1999 1313 2042; x_wconf 83' lang='lat' dir='ltr'>ver·</span> 
     </span>
     <span class='ocr_line' id='line_1_17' title="bbox 170 2085 1313 2172; baseline -0.003 -20"><span class='ocrx_word' id='word_1_122' title='bbox 170 2089 220 2152; x_wconf 94' lang='lat' dir='ltr'>bis</span> <span class='ocrx_word' id='word_1_123' title='bbox 249 2091 283 2152; x_wconf 90' lang='lat' dir='ltr'>et</span> <span class='ocrx_word' id='word_1_124' title='bbox 310 2088 481 2153; x_wconf 87' lang='lat' dir='ltr'>sententiis</span> <span class='ocrx_word' id='word_1_125' title='bbox 510 2089 621 2172; x_wconf 90' lang='lat' dir='ltr'>paullo</span> <span class='ocrx_word' id='word_1_126' title='bbox 646 2085 906 2152; x_wconf 87' lang='lat' dir='ltr'>Schneiderianis</span> <span class='ocrx_word' id='word_1_127' title='bbox 930 2086 1059 2170; x_wconf 90' lang='lat' dir='ltr'>aptiora</span> <span class='ocrx_word' id='word_1_128' title='bbox 1082 2108 1119 2151; x_wconf 90' lang='lat' dir='ltr'>ac</span> <span class='ocrx_word' id='word_1_129' title='bbox 1142 2085 1313 2168; x_wconf 87' lang='lat' dir='ltr'>pressiora,</span> 
     </span>
    </p>

    <p class='ocr_par' dir='ltr' id='par_1_5' title="bbox 127 2181 1313 2278">
     <span class='ocr_line' id='line_1_18' title="bbox 127 2181 1313 2278; baseline -0.002 -21"><span class='ocrx_word' id='word_1_130' title='bbox 127 2181 130 2184; x_wconf 33' lang='lat'><strong>⁴</strong></span> <span class='ocrx_word' id='word_1_131' title='bbox 168 2198 202 2257; x_wconf 93' lang='lat' dir='ltr'>et</span> <span class='ocrx_word' id='word_1_132' title='bbox 235 2215 310 2257; x_wconf 88' lang='lat' dir='ltr'>vero</span> <span class='ocrx_word' id='word_1_133' title='bbox 344 2192 467 2258; x_wconf 88' lang='lat' dir='ltr'>Graeca</span> <span class='ocrx_word' id='word_1_134' title='bbox 499 2194 666 2278; x_wconf 88' lang='lat' dir='ltr'>scriptoris</span> <span class='ocrx_word' id='word_1_135' title='bbox 701 2194 800 2258; x_wconf 86' lang='lat' dir='ltr'>verba</span> <span class='ocrx_word' id='word_1_136' title='bbox 831 2193 974 2259; x_wconf 87' lang='lat' dir='ltr'>studiose</span> <span class='ocrx_word' id='word_1_137' title='bbox 1005 2191 1243 2257; x_wconf 88' lang='lat' dir='ltr'>elaboravimus</span> <span class='ocrx_word' id='word_1_138' title='bbox 1275 2194 1313 2255; x_wconf 89' lang='lat' dir='ltr'>ut</span> 
     </span>
    </p>

    <p class='ocr_par' dir='ltr' id='par_1_6' title="bbox 167 2294 1312 2919">
     <span class='ocr_line' id='line_1_19' title="bbox 168 2294 1312 2385; baseline -0.001 -21"><span class='ocrx_word' id='word_1_139' title='bbox 168 2323 267 2385; x_wconf 91' lang='lat' dir='ltr'>quam</span> <span class='ocrx_word' id='word_1_140' title='bbox 290 2304 426 2383; x_wconf 87' lang='lat' dir='ltr'>possent</span> <span class='ocrx_word' id='word_1_141' title='bbox 451 2294 713 2365; x_wconf 86' lang='lat' dir='ltr'>emendatissima</span> <span class='ocrx_word' id='word_1_142' title='bbox 736 2301 915 2365; x_wconf 89' lang='lat' dir='ltr'>ederentur.</span> <span class='ocrx_word' id='word_1_143' title='bbox 961 2299 1031 2376; x_wconf 85' lang='lat' dir='ltr'>Quo</span> <span class='ocrx_word' id='word_1_144' title='bbox 1054 2299 1089 2363; x_wconf 93' lang='lat' dir='ltr'>in</span> <span class='ocrx_word' id='word_1_145' title='bbox 1112 2319 1227 2383; x_wconf 85' lang='lat' dir='ltr'>genere</span> <span class='ocrx_word' id='word_1_146' title='bbox 1251 2298 1312 2363; x_wconf 90' lang='lat' dir='ltr'>etsi</span> 
     </span>
     <span class='ocr_line' id='line_1_20' title="bbox 169 2406 1312 2492; baseline -0.002 -22"><span class='ocrx_word' id='word_1_147' title='bbox 169 2430 185 2470; x_wconf 90' lang='lat' dir='ltr'>c</span> <span class='ocrx_word' id='word_1_148' title='bbox 209 2412 323 2472; x_wconf 89' lang='lat' dir='ltr'>nostro</span> <span class='ocrx_word' id='word_1_149' title='bbox 351 2429 410 2472; x_wconf 91' lang='lat' dir='ltr'>nec</span> <span class='ocrx_word' id='word_1_150' title='bbox 438 2407 522 2472; x_wconf 89' lang='lat' dir='ltr'>alius</span> <span class='ocrx_word' id='word_1_151' title='bbox 546 2408 734 2492; x_wconf 87' lang='lat' dir='ltr'>cuiusquam</span> <span class='ocrx_word' id='word_1_152' title='bbox 759 2406 874 2471; x_wconf 90' lang='lat' dir='ltr'>iudicio</span> <span class='ocrx_word' id='word_1_153' title='bbox 898 2406 1108 2491; x_wconf 91' lang='lat' dir='ltr'>pependimus</span> <span class='ocrx_word' id='word_1_154' title='bbox 1131 2426 1312 2489; x_wconf 85' lang='lat' dir='ltr'>usquequa-</span> 
     </span>
     <span class='ocr_line' id='line_1_21' title="bbox 169 2512 1311 2598; baseline -0.001 -20"><span class='ocrx_word' id='word_1_155' title='bbox 169 2537 239 2598; x_wconf 91' lang='lat' dir='ltr'>que,</span> <span class='ocrx_word' id='word_1_156' title='bbox 263 2519 372 2580; x_wconf 90' lang='lat' dir='ltr'>tamen</span> <span class='ocrx_word' id='word_1_157' title='bbox 396 2517 583 2598; x_wconf 90' lang='lat' dir='ltr'>plerumque</span> <span class='ocrx_word' id='word_1_158' title='bbox 607 2514 826 2579; x_wconf 84' lang='lat' dir='ltr'>intelleximus</span> <span class='ocrx_word' id='word_1_159' title='bbox 847 2513 1042 2598; x_wconf 85' lang='lat' dir='ltr'>sequendam</span> <span class='ocrx_word' id='word_1_160' title='bbox 1066 2535 1136 2578; x_wconf 88' lang='lat' dir='ltr'>esse</span> <span class='ocrx_word' id='word_1_161' title='bbox 1156 2512 1311 2579; x_wconf 82' lang='lat' dir='ltr'>Ludovici</span> 
     </span>
     <span class='ocr_line' id='line_1_22' title="bbox 168 2620 1311 2706; baseline -0.001 -21"><span class='ocrx_word' id='word_1_162' title='bbox 168 2621 328 2686; x_wconf 90' lang='lat' dir='ltr'>Dindorfii</span> <span class='ocrx_word' id='word_1_163' title='bbox 347 2621 578 2687; x_wconf 88' lang='lat' dir='ltr'>recensionem:</span> <span class='ocrx_word' id='word_1_164' title='bbox 602 2622 652 2686; x_wconf 91' lang='lat' dir='ltr'>cui</span> <span class='ocrx_word' id='word_1_165' title='bbox 671 2622 743 2706; x_wconf 88' lang='lat' dir='ltr'>plus</span> <span class='ocrx_word' id='word_1_166' title='bbox 763 2621 859 2685; x_wconf 89' lang='lat' dir='ltr'>debet</span> <span class='ocrx_word' id='word_1_167' title='bbox 877 2620 1037 2685; x_wconf 86' lang='lat' dir='ltr'>Anabasis</span> <span class='ocrx_word' id='word_1_168' title='bbox 1056 2620 1311 2704; x_wconf 85' lang='lat' dir='ltr'>Xenophonteae</span> 
     </span>
     <span class='ocr_line' id='line_1_23' title="bbox 168 2726 1309 2813; baseline -0.002 -21"><span class='ocrx_word' id='word_1_169' title='bbox 168 2728 353 2794; x_wconf 88' lang='lat' dir='ltr'>emendatio</span> <span class='ocrx_word' id='word_1_170' title='bbox 378 2752 476 2813; x_wconf 87' lang='lat' dir='ltr'>quam</span> <span class='ocrx_word' id='word_1_171' title='bbox 499 2730 662 2813; x_wconf 87' lang='lat' dir='ltr'>prioribus</span> <span class='ocrx_word' id='word_1_172' title='bbox 687 2729 865 2793; x_wconf 90' lang='lat' dir='ltr'>editoribus</span> <span class='ocrx_word' id='word_1_173' title='bbox 895 2728 1026 2792; x_wconf 88' lang='lat' dir='ltr'>cunctis.</span> <span class='ocrx_word' id='word_1_174' title='bbox 1065 2726 1157 2803; x_wconf 83' lang='lat' dir='ltr'>Quod</span> <span class='ocrx_word' id='word_1_175' title='bbox 1181 2726 1309 2810; x_wconf 90' lang='lat' dir='ltr'>quidem</span> 
     </span>
     <span class='ocr_line' id='line_1_24' title="bbox 167 2835 844 2919; baseline 0.004 -22"><span class='ocrx_word' id='word_1_176' title='bbox 167 2856 233 2898; x_wconf 90' lang='lat' dir='ltr'>nou</span> <span class='ocrx_word' id='word_1_177' title='bbox 256 2837 306 2898; x_wconf 87' lang='lat' dir='ltr'>est</span> <span class='ocrx_word' id='word_1_178' title='bbox 329 2835 425 2899; x_wconf 89' lang='lat' dir='ltr'>huius</span> <span class='ocrx_word' id='word_1_179' title='bbox 449 2835 511 2900; x_wconf 91' lang='lat' dir='ltr'>loci</span> <span class='ocrx_word' id='word_1_180' title='bbox 535 2836 664 2900; x_wconf 87' lang='lat' dir='ltr'>uberius</span> <span class='ocrx_word' id='word_1_181' title='bbox 688 2835 844 2919; x_wconf 88' lang='lat' dir='ltr'>persequi.</span> 
     </span>
    </p>

    <p class='ocr_par' dir='ltr' id='par_1_7' title="bbox 258 2938 1256 3025">
     <span class='ocr_line' id='line_1_25' title="bbox 258 2938 1256 3025; baseline 0 -21"><span class='ocrx_word' id='word_1_182' title='bbox 258 2938 420 3025; x_wconf 86' lang='lat' dir='ltr'>Scriptum</span> <span class='ocrx_word' id='word_1_183' title='bbox 443 2941 536 3007; x_wconf 88' lang='lat' dir='ltr'>Halis</span> <span class='ocrx_word' id='word_1_184' title='bbox 561 2941 723 3007; x_wconf 81' lang='lat' dir='ltr'>Saxonum</span> <span class='ocrx_word' id='word_1_185' title='bbox 748 2965 789 3008; x_wconf 90' lang='lat'>111.</span> <span class='ocrx_word' id='word_1_186' title='bbox 812 2941 900 3008; x_wconf 89' lang='lat' dir='ltr'>Maio</span> <span class='ocrx_word' id='word_1_187' title='bbox 924 2965 951 3006; x_wconf 90' lang='lat' dir='ltr'>a.</span> <span class='ocrx_word' id='word_1_188' title='bbox 976 2958 1256 3008; x_wconf 79' lang='lat' dir='ltr'>cromcccxxxnr.</span> 
     </span>
    </p>
   </div>
   <div class='ocr_carea' id='block_1_4' title="bbox 619 3159 856 3166">
    <p class='ocr_par' dir='ltr' id='par_1_8' title="bbox 619 3159 856 3166">
     <span class='ocr_line' id='line_1_26' title="bbox 619 3159 856 3166; baseline 0 -1"><span class='ocrx_word' id='word_1_189' title='bbox 619 3159 856 3166; x_wconf 78' lang='lat'><em>..——-———-—</em></span> 
     </span>
    </p>
   </div>
   <div class='ocr_carea' id='block_1_5' title="bbox 721 3337 751 3400">
    <p class='ocr_par' dir='ltr' id='par_1_9' title="bbox 721 3337 751 3400">
     <span class='ocr_line' id='line_1_27' title="bbox 721 3337 751 3400; baseline -0.033 0"><span class='ocrx_word' id='word_1_190' title='bbox 721 3337 751 3400; x_wconf 80' lang='lat'>2.</span> 
     </span>
    </p>
   </div>
   <div class='ocr_carea' id='block_1_6' title="bbox 568 3476 913 3563">
    <p class='ocr_par' dir='ltr' id='par_1_10' title="bbox 568 3476 913 3563">
     <span class='ocr_line' id='line_1_28' title="bbox 568 3476 913 3563; baseline 0 -21"><span class='ocrx_word' id='word_1_191' title='bbox 568 3478 621 3543; x_wconf 91' lang='lat' dir='ltr'>Zu</span> <span class='ocrx_word' id='word_1_192' title='bbox 649 3476 913 3563; x_wconf 88' lang='lat' dir='ltr'>lsokrates.*)</span> 
     </span>
    </p>
   </div>
   <div class='ocr_carea' id='block_1_7' title="bbox 159 3598 1416 4320">
    <p class='ocr_par' dir='ltr' id='par_1_11' title="bbox 159 3598 1416 4320">
     <span class='ocr_line' id='line_1_29' title="bbox 255 3598 1416 3688; baseline -0.001 -25"><span class='ocrx_word' id='word_1_193' title='bbox 255 3599 294 3663; x_wconf 87' lang='lat' dir='ltr'>ln</span> <span class='ocrx_word' id='word_1_194' title='bbox 327 3600 383 3665; x_wconf 90' lang='lat' dir='ltr'>der</span> <span class='ocrx_word' id='word_1_195' title='bbox 413 3601 501 3666; x_wconf 84' lang='lat' dir='ltr'>Rode</span> <span class='ocrx_word' id='word_1_196' title='bbox 536 3605 573 3667; x_wconf 92' lang='lat' dir='ltr'>de</span> <span class='ocrx_word' id='word_1_197' title='bbox 604 3625 682 3688; x_wconf 89' lang='lat' dir='ltr'>pace</span> <span class='ocrx_word' id='word_1_198' title='bbox 713 3607 733 3683; x_wconf 64' lang='grc' dir='ltr'>ξ</span> <span class='ocrx_word' id='word_1_199' title='bbox 758 3606 777 3668; x_wconf 90' lang='grc'>8</span> <span class='ocrx_word' id='word_1_200' title='bbox 808 3602 887 3666; x_wconf 87' lang='lat' dir='ltr'>wird</span> <span class='ocrx_word' id='word_1_201' title='bbox 917 3602 992 3667; x_wconf 85' lang='lat' dir='ltr'>kein</span> <span class='ocrx_word' id='word_1_202' title='bbox 1023 3599 1363 3683; x_wconf 79' lang='lat' dir='ltr'>interpretatione-seo</span> <span class='ocrx_word' id='word_1_203' title='bbox 1413 3598 1416 3603; x_wconf 66' lang='grc'>’</span> 
     </span>
     <span class='ocr_line' id='line_1_30' title="bbox 166 3702 1310 3787; baseline -0.001 -20"><span class='ocrx_word' id='word_1_204' title='bbox 166 3705 360 3771; x_wconf 83' lang='lat' dir='ltr'>kunststiick</span> <span class='ocrx_word' id='word_1_205' title='bbox 383 3708 434 3772; x_wconf 90' lang='lat' dir='ltr'>die</span> <span class='ocrx_word' id='word_1_206' title='bbox 458 3710 687 3774; x_wconf 76' lang='lat' dir='ltr'>iiberlielcrten</span> <span class='ocrx_word' id='word_1_207' title='bbox 703 3708 817 3773; x_wconf 90' lang='lat' dir='ltr'>Worta</span> <span class='ocrx_word' id='word_1_208' title='bbox 840 3709 874 3772; x_wconf 89' lang='lat' dir='ltr'>in</span> <span class='ocrx_word' id='word_1_209' title='bbox 888 3704 1230 3787; x_wconf 85' lang='lat' dir='ltr'>Uebereinstimmung</span> <span class='ocrx_word' id='word_1_210' title='bbox 1249 3702 1310 3767; x_wconf 91' lang='lat' dir='ltr'>mit</span> 
     </span>
     <span class='ocr_line' id='line_1_31' title="bbox 159 3811 1309 3900; baseline -0.002 -25"><span class='ocrx_word' id='word_1_211' title='bbox 159 3814 436 3896; x_wconf 75' lang='lat' dir='ltr'>&#39;grammatischer</span> <span class='ocrx_word' id='word_1_212' title='bbox 454 3815 557 3899; x_wconf 85' lang='lat' dir='ltr'>Logik</span> <span class='ocrx_word' id='word_1_213' title='bbox 582 3816 731 3900; x_wconf 84' lang='lat' dir='ltr'>bringen:</span> <span class='ocrx_word' id='word_1_214' title='bbox 755 3818 813 3894; x_wconf 87' lang='grc' dir='ltr'>χρὴ</span> <span class='ocrx_word' id='word_1_215' title='bbox 834 3817 869 3878; x_wconf 79' lang='grc' dir='ltr'>δὲ</span> <span class='ocrx_word' id='word_1_216' title='bbox 888 3817 964 3878; x_wconf 83' lang='grc' dir='ltr'>τοὺ(</span> <span class='ocrx_word' id='word_1_217' title='bbox 983 3818 1063 3878; x_wconf 83' lang='grc' dir='ltr'>νοῦν</span> <span class='ocrx_word' id='word_1_218' title='bbox 1082 3813 1217 3890; x_wconf 84' lang='grc' dir='ltr'>ἔχοντα(</span> <span class='ocrx_word' id='word_1_219' title='bbox 1236 3811 1309 3888; x_wconf 87' lang='grc' dir='ltr'>περὶ</span> 
     </span>
     <span class='ocr_line' id='line_1_32' title="bbox 165 3917 1309 4003; baseline -0.003 -20"><span class='ocrx_word' id='word_1_220' title='bbox 165 3921 223 3996; x_wconf 85' lang='grc' dir='ltr'>μὲν</span> <span class='ocrx_word' id='word_1_221' title='bbox 252 3919 298 3984; x_wconf 83' lang='grc' dir='ltr'>ὧν</span> <span class='ocrx_word' id='word_1_222' title='bbox 326 3921 405 3985; x_wconf 77' lang='lat' dir='ltr'>icco</span> <span class='ocrx_word' id='word_1_223' title='bbox 433 3925 473 4000; x_wconf 82' lang='grc' dir='ltr'>μὴ</span> <span class='ocrx_word' id='word_1_224' title='bbox 500 3923 703 4001; x_wconf 77' lang='grc' dir='ltr'>βουλεύεεθαι</span> <span class='ocrx_word' id='word_1_225' title='bbox 727 3922 911 4003; x_wconf 85' lang='grc' dir='ltr'>(περίεργον</span> <span class='ocrx_word' id='word_1_226' title='bbox 934 3921 1023 4001; x_wconf 87' lang='grc' dir='ltr'>γάρ),</span> <span class='ocrx_word' id='word_1_227' title='bbox 1053 3918 1136 3983; x_wconf 86' lang='grc' dir='ltr'><strong>ἀλλὰ</strong></span> <span class='ocrx_word' id='word_1_228' title='bbox 1159 3917 1309 3997; x_wconf 85' lang='grc' dir='ltr'>πράττειν</span> 
     </span>
     <span class='ocr_line' id='line_1_33' title="bbox 166 4025 1309 4108; baseline -0.001 -20"><span class='ocrx_word' id='word_1_229' title='bbox 166 4028 210 4090; x_wconf 82' lang='grc' dir='ltr'>ὼ(</span> <span class='ocrx_word' id='word_1_230' title='bbox 235 4028 404 4106; x_wconf 77' lang='grc' dir='ltr'>ἐγνώκαει,</span> <span class='ocrx_word' id='word_1_231' title='bbox 428 4031 500 4107; x_wconf 85' lang='grc' dir='ltr'>περὶ</span> <span class='ocrx_word' id='word_1_232' title='bbox 524 4027 571 4093; x_wconf 84' lang='grc' dir='ltr'>ὧν</span> <span class='ocrx_word' id='word_1_233' title='bbox 594 4028 623 4092; x_wconf 82' lang='grc' dir='ltr'>δ’</span> <span class='ocrx_word' id='word_1_234' title='bbox 646 4029 686 4093; x_wconf 87' lang='grc' dir='ltr'>ἂν</span> <span class='ocrx_word' id='word_1_235' title='bbox 711 4029 939 4108; x_wconf 83' lang='grc' dir='ltr'>βουλεύωνται,</span> <span class='ocrx_word' id='word_1_236' title='bbox 964 4029 1004 4106; x_wconf 86' lang='grc' dir='ltr'>μὴ</span> <span class='ocrx_word' id='word_1_237' title='bbox 1028 4026 1167 4104; x_wconf 79' lang='grc' dir='ltr'>νομίζειν</span> <span class='ocrx_word' id='word_1_238' title='bbox 1191 4025 1309 4089; x_wconf 83' lang='grc' dir='ltr'>εἰδέναι</span> 
     </span>
     <span class='ocr_line' id='line_1_34' title="bbox 165 4131 1308 4217; baseline -0.002 -21"><span class='ocrx_word' id='word_1_239' title='bbox 165 4135 203 4196; x_wconf 88' lang='grc' dir='ltr'>τὸ</span> <span class='ocrx_word' id='word_1_240' title='bbox 229 4134 474 4213; x_wconf 77' lang='grc' dir='ltr'>(υμβηεόμενον,</span> <span class='ocrx_word' id='word_1_241' title='bbox 499 4134 569 4199; x_wconf 83' lang='grc' dir='ltr'><strong>ἀλλ’</strong></span> <span class='ocrx_word' id='word_1_242' title='bbox 592 4136 636 4198; x_wconf 83' lang='grc' dir='ltr'>ὼ(</span> <span class='ocrx_word' id='word_1_243' title='bbox 660 4135 736 4217; x_wconf 81' lang='grc' dir='ltr'>δόξῃ</span> <span class='ocrx_word' id='word_1_244' title='bbox 761 4136 818 4212; x_wconf 84' lang='grc' dir='ltr'>μὲν</span> <span class='ocrx_word' id='word_1_245' title='bbox 843 4135 1039 4212; x_wconf 68' lang='grc' dir='ltr'>χρωμένους,</span> <span class='ocrx_word' id='word_1_246' title='bbox 1064 4131 1126 4213; x_wconf 59' lang='lat' dir='ltr'>tar</span> <span class='ocrx_word' id='word_1_247' title='bbox 1149 4132 1193 4195; x_wconf 86' lang='grc' dir='ltr'>ἂν</span> <span class='ocrx_word' id='word_1_248' title='bbox 1216 4131 1308 4212; x_wconf 85' lang='grc' dir='ltr'>τύχῃ</span> 
     </span>
     <span class='ocr_line' id='line_1_35' title="bbox 164 4237 1308 4320; baseline -0.003 -16"><span class='ocrx_word' id='word_1_249' title='bbox 164 4243 204 4304; x_wconf 81' lang='grc' dir='ltr'>δὲ</span> <span class='ocrx_word' id='word_1_250' title='bbox 236 4241 511 4320; x_wconf 78' lang='grc' dir='ltr'>γενηεόμενον,</span> <span class='ocrx_word' id='word_1_251' title='bbox 543 4243 629 4306; x_wconf 89' lang='grc' dir='ltr'>οὕτω</span> <span class='ocrx_word' id='word_1_252' title='bbox 661 4246 854 4306; x_wconf 73' lang='grc' dir='ltr'>διανοεῑεθαι</span> <span class='ocrx_word' id='word_1_253' title='bbox 885 4241 958 4319; x_wconf 87' lang='grc' dir='ltr'>περὶ</span> <span class='ocrx_word' id='word_1_254' title='bbox 989 4240 1104 4303; x_wconf 83' lang='grc' dir='ltr'>αὐτῶν.</span> <span class='ocrx_word' id='word_1_255' title='bbox 1156 4237 1308 4302; x_wconf 83' lang='lat' dir='ltr'>Offenbar</span> 
     </span>
    </p>
   </div>
   <div class='ocr_carea' id='block_1_8' title="bbox 255 4449 1191 4523">
    <p class='ocr_par' dir='ltr' id='par_1_12' title="bbox 255 4449 1191 4523">
     <span class='ocr_line' id='line_1_36' title="bbox 255 4449 1191 4523; baseline -0.005 -15"><span class='ocrx_word' id='word_1_256' title='bbox 255 4455 281 4521; x_wconf 83' lang='lat'>*)</span> <span class='ocrx_word' id='word_1_257' title='bbox 301 4452 410 4523; x_wconf 75' lang='lat' dir='ltr'>[libain.</span> <span class='ocrx_word' id='word_1_258' title='bbox 430 4453 558 4508; x_wconf 83' lang='lat' dir='ltr'>Murcum</span> <span class='ocrx_word' id='word_1_259' title='bbox 576 4453 621 4508; x_wconf 84' lang='lat' dir='ltr'>fdr</span> <span class='ocrx_word' id='word_1_260' title='bbox 639 4452 740 4508; x_wconf 79' lang='lat' dir='ltr'>Philet</span> <span class='ocrx_word' id='word_1_261' title='bbox 760 4452 811 4506; x_wconf 89' lang='lat' dir='ltr'>Bd.</span> <span class='ocrx_word' id='word_1_262' title='bbox 830 4450 920 4506; x_wconf 82' lang='lat' dir='ltr'>xx111</span> <span class='ocrx_word' id='word_1_263' title='bbox 939 4453 1034 4522; x_wconf 83' lang='grc'>(1868)</span> <span class='ocrx_word' id='word_1_264' title='bbox 1052 4469 1077 4522; x_wconf 92' lang='lat' dir='ltr'>p.</span> <span class='ocrx_word' id='word_1_265' title='bbox 1099 4456 1150 4506; x_wconf 87' lang='grc'>690</span> <span class='ocrx_word' id='word_1_266' title='bbox 1160 4449 1191 4520; x_wconf 82' lang='lat' dir='ltr'>f.]</span> 
     </span>
    </p>
   </div>
   <div class='ocr_carea' id='block_1_9' title="bbox 0 0 1486 5032">
    <p class='ocr_par' dir='ltr' id='par_1_13' title="bbox 0 0 1486 5032">
     <span class='ocr_line' id='line_1_37' title="bbox 0 0 1486 5032; baseline 0 3"><span class='ocrx_word' id='word_1_267' title='bbox 0 0 1486 5032; x_wconf 95' lang='lat' dir='ltr'> </span> 
     </span>
    </p>
   </div>
  </div>
 </body>
</html>
