2962 5032
402 360 664 409 suaunrrronrs
689 362 899 409 ruavrrusn,
1163 346 1229 410 485

83 526 214 588 prorsus
234 505 267 567 in
287 501 423 589 meoc*):
447 505 583 568 alterum
603 525 669 567 non
688 503 776 586 item,
799 505 855 569 nbi
874 511 908 568 tu
928 507 1024 586 facito
1041 512 1231 589 opsonatum,

83 612 166 696 quod
195 633 254 696 pro
284 609 423 694 simplici
448 617 480 674 tu
508 616 653 693 opsonoto
682 616 744 694 cst,
774 612 894 675 nullam
919 635 938 676 a
961 613 1114 696 depresso
1135 613 1231 693 facito

83 719 182 784 verbo
211 718 424 783 offensionem
452 717 553 781 habet
581 714 671 799 (nam
689 719 774 801 quod
798 718 895 782 etiam
921 725 963 802 to,
985 723 1022 782 ut
1045 719 1230 803 oppositum

83 844 133 907 epo
157 823 359 909 pronomini,
388 822 620 887 intendendum
644 845 714 887 esse
739 823 899 907 videatur,
923 825 961 888 de
984 847 1024 889 eo
1049 825 1144 890 alitor
1167 828 1231 891 eri·

85 929 283 995 stimandum
311 952 382 994 esse
405 929 491 993 infra
514 930 746 1016 intellegetur).

172 1037 304 1102 Praeter
332 1035 412 1100 haec
439 1035 473 1099 in
501 1036 566 1099 illis
591 1058 673 1120 quae
697 1058 714 1099 e
737 1037 896 1122 principio
920 1037 1102 1103 Trinummi
1125 1061 1229 1103 excer-

83 1144 206 1228 psimus
231 1143 386 1227 exemplis
409 1143 510 1207 habes
535 1165 612 1206 sane
636 1143 735 1206 etiam
759 1144 920 1227 gravioris
946 1146 1100 1210 momenti
1124 1148 1229 1210 notio-

84 1272 141 1315 nes
158 1251 199 1314 ab
219 1251 283 1314 arsi
302 1251 461 1314 exclusas:
479 1270 608 1332 sequere,
629 1250 748 1332 [adest]
768 1251 844 1314 dedi.
877 1250 922 1314 At
937 1272 1011 1314 vero
1029 1251 1081 1315 his
1100 1251 1228 1335 quidem

84 1357 213 1422 aliunde
247 1357 409 1421 excusatio
443 1360 573 1440 praesto
608 1359 657 1419 est
688 1357 807 1421 rationi
840 1379 972 1441 prorsus
1005 1361 1229 1424 consentanea.

84 1462 197 1530 Posita
225 1465 310 1529 enim
338 1467 414 1527 sunt
442 1463 476 1527 in
503 1463 574 1547 ipso
604 1484 782 1526 versuum
812 1463 940 1528 initio:
969 1464 1059 1528 cuius
1083 1464 1146 1529 loci
1169 1487 1226 1530 na·
1240 1488 1330 1529 oonvr

84 1574 157 1634 tura
180 1592 218 1633 ea
241 1574 291 1634 est
319 1575 368 1652 ut,
397 1570 550 1654 quoniam
578 1569 624 1633 ibi
647 1592 708 1633 vox
732 1570 904 1648 exorditur,
927 1571 1069 1635 naturali
1094 1573 1230 1636 necessi·

87 1678 152 1742 tate
176 1676 315 1762 quadarn
339 1675 571 1759 pronuntiandi
595 1697 661 1740 non
684 1677 851 1740 eleventur
874 1675 973 1741 verba
997 1677 1052 1741 sed
1077 1678 1229 1743 extollan-

87 1787 150 1867 tur,
180 1783 309 1846 etiamsi
336 1783 420 1846 ictus
443 1802 664 1864 numerorum,
692 1783 784 1847 utin
807 1783 972 1866 iambicis,
999 1805 1065 1847 non
1090 1783 1229 1848 accedat.

86 1889 178 1956 Talia
201 1890 302 1974 igitur
325 1890 401 1951 sunt
422 1886 520 1951 Bono
538 1887 624 1951 Trio.
644 1890 698 1970 41,
720 1888 807 1953 Bene
825 1890 878 1970 52,
902 1889 998 1955 Gredo
1016 1892 1068 1972 53,
1092 1889 1230 1973 Deosque
1320 1876 1325 1883 ’

83 1997 131 2080 57,
155 1998 250 2063 Foco
274 1996 326 2077 60,
349 1994 426 2058 Men
450 1993 502 2076 69,
525 1999 558 2057 et
582 1993 701 2058 similia
724 1994 851 2077 ubique.

172 2103 330 2167 Attamen
358 2122 395 2163 ex
424 2121 471 2182 eo,
499 2100 585 2183 quod
614 2101 756 2183 pondere
784 2105 930 2166 carentes
959 2124 1053 2167 voces
1082 2103 1173 2168 licuit
1195 2104 1229 2168 in

83 2209 167 2275 thesi
196 2208 387 2292 deprimere,
420 2207 554 2270 minime
586 2208 792 2290 consequitur
821 2229 888 2272 nou
918 2208 1061 2290 potuisse
1092 2211 1163 2274 acui
1178 2260 1181 2266 .
1194 2213 1229 2276 in

83 2317 144 2382 rrsi
169 2316 336 2381 collocata.
383 2313 487 2377 lmmo
512 2313 706 2398 ubicumque
729 2314 819 2377 nulla
841 2314 1004 2397 ipsorum,
1028 2315 1143 2399 quibus
1171 2318 1227 2382 ali·

83 2422 168 2509 quod
193 2422 395 2486 enuntiatum
419 2422 464 2504 fit,
488 2420 667 2484 mutatione
690 2419 782 2484 licuit
804 2420 855 2483 vel
878 2420 1065 2484 satisfacere
1088 2420 1154 2505 legi
1178 2423 1227 2486 vel

83 2553 146 2597 ron
166 2529 363 2611 satisfacere,
385 2532 637 2614 consentaneum
657 2532 707 2590 est
729 2527 776 2591 ita
800 2528 899 2591 verba
922 2526 1090 2611 disponere
1114 2535 1227 2611 poetas

83 2637 249 2719 ualuisse,
276 2640 314 2700 ut
342 2635 488 2720 singulae
515 2633 666 2699 notiones
694 2635 754 2697 sub
782 2634 865 2697 ictus
886 2633 1044 2724 ¹caderent
1071 2655 1168 2717 quam
1192 2639 1228 2699 ut

83 2742 242 2828 quaedam
262 2747 353 2806 extra
372 2742 464 2805 ictus.
497 2741 580 2816 Quid
600 2741 686 2804 enim
706 2741 835 2805 tandem
855 2762 988 2804 caussae
1012 2740 1112 2804 fuisse
1136 2745 1227 2823 pute·

83 2871 151 2914 nus
181 2871 253 2932 cur,
285 2871 381 2933 quem
409 2848 554 2913 ordinem
582 2847 667 2911 ratio
695 2846 858 2930 universa,
890 2868 907 2910 e
938 2868 1003 2929 qua
1031 2847 1093 2912 hoc
1125 2868 1226 2931 genus

83 2976 271 3040 ruspensum
295 2958 357 3038 est,
379 2952 594 3037 dissuaderet,
622 2952 821 3037 praeferrent
844 2952 874 3017 ei
898 2954 953 3038 qui
976 2954 1226 3019 commendatio·

83 3087 152 3129 rem
182 3061 412 3126 concinnitatis
440 3061 564 3126 habens
593 3082 664 3124 curn
695 3060 783 3124 nullo
811 3083 944 3144 prorsus
973 3083 1084 3125 versus
1107 3061 1225 3126 facien·

83 3172 161 3235 :ium
190 3168 394 3233 incommodo
425 3167 616 3231 coniunctus
644 3167 751 3230 esset?
797 3166 911 3251 ltaque
934 3166 1030 3231 huius
1055 3167 1104 3230 vis
1128 3167 1226 3232 ratio·

83 3275 253 3342 cinctionis
277 3298 350 3340 cum
368 3275 402 3339 in
421 3273 629 3338 emendandis
648 3272 714 3337 illis
734 3273 838 3355 poetis
857 3277 909 3337 sat
928 3273 994 3337 late
1012 3277 1132 3357 pateat,
1155 3279 1224 3338 tum

83 3385 288 3467 praecipuum
316 3383 366 3446 ius
396 3380 556 3464 quoddam
585 3379 684 3443 habet
710 3379 744 3442 in
778 3380 905 3443 conciso
934 3384 1225 3465 coagmentatoque

83 3490 280 3553 senariorum
308 3491 426 3553 metro:
454 3488 563 3571 paullo
594 3486 681 3550 enim
708 3485 891 3549 liberiorem
919 3485 1092 3567 rationem,
1124 3491 1161 3550 ut
1191 3488 1224 3550 in

83 3597 152 3667 aliis
176 3597 281 3679 rebus,
304 3595 351 3659 ita
374 3595 407 3658 in
430 3594 492 3657 hoc
516 3613 632 3677 genere
656 3581 830 3674 septenarii
854 3594 1041 3675 sequuntur,
1064 3593 1105 3656 ab
1130 3592 1223 3656 initio

83 3703 290 3786 potissimum
323 3723 447 3765 versus:
481 3721 543 3782 quo
577 3704 610 3761 et
639 3698 734 3778 facito
767 3697 847 3760 illud
879 3697 1019 3781 pertinet
1051 3703 1084 3761 et
1109 3704 1224 3780 potero,

83 3810 166 3894 quod
189 3809 278 3873 nullo
308 3808 439 3893 negotio
464 3829 537 3870 cum
560 3805 623 3869 arsi
649 3804 818 3868 conciliare
847 3803 893 3867 sic
923 3804 1053 3867 licebat:
1082 3804 1175 3868 Nrim
1196 3806 1225 3869 si

83 3918 180 3999 potero
203 3937 255 3998 epo
277 3915 486 3978 ornamentis.
502 3964 509 3976 .
525 3910 587 3975 Sed
610 3911 699 3976 Trin.
719 3934 747 3975 v.
766 3910 810 3974 45
832 3933 905 3974 cum
929 3911 1018 3995 optio
1043 3910 1119 3974 data
1138 3915 1224 3975 esset

83 4024 196 4088 harum
221 4020 483 4087 collocationum:
513 4019 606 4100 quoio
628 4018 677 4082 liic
695 4018 790 4098 pro'pe
812 4039 859 4081 mc
880 4018 942 4082 eo'e
963 4023 1054 4082 carot
1077 4022 1109 4080 et
1130 4019 1224 4099 qoo'io

83 4130 130 4193 tic
157 4131 219 4193 uo‘s
242 4150 338 4211 prope
366 4128 417 4190 me'
439 4132 542 4203 soeret,
571 4127 631 4188 etsi
661 4124 698 4188 ad
728 4125 922 4188 sententiam
946 4147 1147 4208 nequaquam
1171 4147 1222 4189 ne·

83 4236 219 4300 cessaria
247 4237 297 4297 est
319 4254 415 4315 prope
442 4233 547 4315 notio,
579 4236 690 4295 tamen
721 4230 872 4313 quoniam
904 4230 1053 4294 accedere
1085 4230 1224 4314 scriptor

85 4381 238 4388 ..——-,-.

152 4464 176 4530 ¹⁸)
197 4441 270 4532 [E'qo
286 4463 379 4539 *sorori
396 4464 470 4515 nrcoe'
487 4477 580 4516 cenam
598 4461 677 4514 hodie
697 4501 703 4512 .
723 4500 730 4514 .
752 4460 854 4530 Opusc.
875 4459 943 4529 phil.
963 4460 988 4513 ll
1007 4476 1034 4527 p.
1054 4457 1126 4529 305]
