2962 5032
499 357 762 406 nasammonas
788 359 995 406 salvamur.
1253 344 1317 408 471

167 524 250 566 nam
278 502 437 567 absonum
466 507 517 566 est
540 501 579 565 de
603 502 723 567 έάηιέιςιῗ
745 503 900 587 cogitare.
945 501 1103 567 Vitiosior
1126 504 1226 568 etiam
1249 502 1318 568 Mil.

168 605 235 693 III,
261 611 290 693 1,
312 609 355 672 36
379 609 545 689 geminum
569 614 780 693 anapaestum
805 609 967 693 excipiens
993 609 1167 693 spondeus:

263 750 358 817 Clare
381 750 482 816 oculis
506 752 615 833 uideo,
638 749 752 835 pernix
776 774 861 834 sum,

171 895 228 960 ubi
251 915 322 959 sum
338 894 454 976 fimeto
475 894 768 978 transponendum:
801 894 947 959 omnium
971 898 1080 960 autem
1104 895 1258 978 maxime,
1290 895 1318 959 si

172 1025 269 1087 quem
293 1001 409 1067 horum
433 1023 564 1066 sensum
587 1000 702 1084 habeo,
725 1001 948 1066 intolerabiles
971 1001 1008 1066 hi
1029 1004 1180 1066 accentus
1200 999 1317 1066 Bacch.

173 1110 237 1174 394
263 1108 371 1190 [raca

263 1198 348 1279 utute
372 1215 474 1280 solem
498 1215 681 1280 extranea
703 1216 767 1280 nisi
790 1214 825 1281 r‘u
848 1217 1047 1300 palaestram
1070 1218 1218 1281 seueras:

173 1360 225 1443 qni
250 1381 361 1423 versus
384 1357 456 1421 vida
480 1360 602 1441 quanto
626 1358 729 1423 lenius
754 1359 845 1424 velut
868 1358 914 1424 sio
937 1359 1029 1423 fluat:

261 1484 348 1567 lnce
371 1501 473 1566 solem
496 1499 561 1565 m‘si
586 1506 622 1565 tu
645 1501 825 1567 exorientem
849 1500 883 1566 in
907 1523 937 1586 p.
961 1526 990 1566 u.

262 1645 430 1710 Postremo
460 1643 607 1728 primus
637 1649 726 1727 post
753 1645 940 1709 creticum
968 1666 1034 1728 pes
1063 1668 1130 1710 non
1159 1647 1316 1712 minorem

173 1774 270 1836 quam
293 1752 328 1815 in
350 1752 432 1834 ipsis
456 1751 593 1816 senariis
616 1750 808 1815 varietatem
831 1752 964 1835 recepit:
993 1773 1052 1816 nec
1074 1752 1126 1816 vel
1149 1752 1318 1818 tantillum

172 1857 389 1942 inelegantiae
414 1857 482 1921 sive
506 1858 681 1941 spondiaco
706 1857 772 1922 sive
796 1859 1005 1942 anapaestico
1027 1881 1089 1923 vox
1112 1858 1179 1923 illic
1197 1858 1317 1924 habere

174 1964 243 2027 visa
266 1967 329 2046 est,
361 1968 398 2027 ut
425 1965 493 2028 ulla
515 1987 668 2049 umquam
693 1988 782 2048 cura,
816 1965 913 2029 etiam
938 1966 994 2030 ubi
1018 1965 1130 2029 liceret
1152 1965 1317 2050 facillime,

174 2072 277 2135 vitata
300 2071 351 2135 sit.
385 2070 454 2137 Nee
478 2073 609 2138 omnino
633 2072 744 2158 lugere
768 2095 961 2157 quemquam
987 2077 1104 2156 potest,
1128 2079 1316 2137 accentuum

172 2181 204 2241 et
232 2200 439 2243 numerorum
467 2180 731 2264 repugnantiam,
769 2181 809 2245 ab
838 2180 910 2264 ipsa
932 2179 1124 2244 necessitate
1147 2180 1232 2264 apud
1255 2180 1316 2245 hos

171 2289 284 2368 poetas
303 2285 481 2368 profectam
504 2291 537 2351 et
555 2291 722 2370 tamquam
742 2287 852 2352 insitis
872 2308 1067 2369 concessam,
1086 2287 1206 2352 eisdem
1226 2286 1316 2370 panl-

172 2393 264 2458 latim
288 2394 321 2459 in
345 2393 547 2477 voluptatem
571 2394 706 2459 vertisse
731 2399 764 2459 et
786 2395 890 2459 multo
910 2395 1000 2483 prius
1020 2416 1085 2459 non
1103 2393 1314 2458 mediocrior

172 2505 263 2583 parte
296 2501 428 2586 probari
460 2505 609 2584 coeptam
643 2524 714 2566 esso
748 2506 783 2566 ut
815 2502 935 2587 aliquid
964 2503 1089 2588 gratiae
1117 2503 1315 2585 afferentem,

172 2629 267 2692 quam
291 2608 325 2672 in
349 2611 469 2672 certam
495 2607 759 2673 consuetudinem
783 2609 852 2673 eius
876 2608 995 2674 aetatis
1020 2608 1134 2691 abiret,
1157 2631 1239 2694 quae
1263 2630 1465 2674 ex-ocxxxrx

171 2716 292 2781 cultam
316 2719 349 2779 et
367 2715 407 2778 ad
426 2715 535 2799 legum
554 2718 772 2780 constantiam
791 2719 977 2780 revocatam
998 2715 1196 2800 syllabarum
1216 2739 1314 2802 quan·
1398 2767 1400 2770 Α

170 2826 298 2888 titatem
329 2824 434 2887 solam
466 2830 577 2887 secuta
607 2827 665 2886 est.
717 2823 805 2899 Quae
835 2823 975 2888 mutatio
1002 2845 1061 2907 per
1088 2846 1168 2908 quos
1196 2824 1314 2909 gradus

170 2950 343 3014 progressa
369 2928 420 3010 sit,
445 2928 548 2992 altera
571 2951 608 2992 ex
633 2933 725 3014 parte
748 2929 822 2993 finis
847 2951 1008 3014 versuum,
1032 2931 1136 2996 altera
1155 2953 1193 2995 ex
1212 2936 1314 3016 parte,

171 3036 224 3100 sed
249 3035 375 3099 diversa
398 3035 534 3118 ratione,
559 3036 733 3100 eorundem
757 3036 885 3102 initium
910 3037 1066 3102 ostendit:
1100 3038 1314 3104 luculentissi-

170 3165 223 3208 mo
256 3146 365 3206 autem
396 3141 589 3206 documento
620 3143 764 3226 ipsorum
797 3144 929 3209 initium
963 3145 1220 3228 septenariorum
1254 3151 1313 3211 est.

169 3248 269 3314 Velut
291 3248 376 3334 quod
399 3249 496 3315 modo
520 3249 681 3333 dicebam,
709 3273 749 3315 ne
773 3250 913 3315 voluisse
937 3251 1067 3335 quidem
1090 3257 1213 3317 veteres
1237 3253 1312 3318 illos

168 3356 344 3441 spondiaca
376 3356 425 3420 vel
457 3356 665 3440 anapaestica
695 3358 852 3422 vocabula
881 3360 1027 3443 proximo
1056 3363 1131 3443 post
1159 3361 1312 3424 creticum

167 3463 240 3528 loco
264 3464 378 3547 vitare,
401 3463 490 3528 velut
513 3462 601 3527 Trin.
625 3463 702 3528 855:

258 3606 427 3683 Quomodo
451 3607 590 3691 quidque
613 3607 746 3688 operam:
769 3627 856 3670 nunc
879 3607 959 3670 adeo
1008 3658 1014 3669 .
1075 3659 1080 3670 .
1142 3659 1147 3670 .
1209 3659 1214 3670 .

165 3746 200 3813 id
222 3747 372 3833 plurimis
395 3747 552 3833 exemplis
575 3746 772 3832 perspicitur
795 3747 978 3812 huiusmodi
1003 3748 1104 3834 (Trin.
1125 3752 1198 3816 843.
1218 3751 1312 3835 848):

132 3922 146 3943 ι
187 3886 191 3893 “
252 3884 345 3944 Hafa
364 3910 428 3952 arro
449 3889 502 3957 dia
520 3891 527 3975 Ι
545 3891 657 3957 neuneu
679 3890 869 3956 Trinummo
942 3942 1214 3956 .....

553 3996 1012 4072 'vta'adrtriumuummum
1074 4050 1080 4061 .
1140 4051 1146 4062 .
1207 4051 1213 4062 .

825 4143 861 4207 *o
875 4150 877 4155 '
892 4144 1029 4207 accentu
1060 4141 1140 4207 haec
1170 4141 1217 4207 sic
1248 4143 1309 4206 dis-
