2926 5040
433 352 697 400 nununurrours
722 352 929 435 enavriuau.
1188 340 1254 404 455

94 498 218 577 poetae
243 493 404 579 fugerent,
427 516 466 559 ea
488 499 597 560 autem
621 496 731 580 paullo
756 495 865 561 durior
888 497 970 561 ratio
991 498 1037 561 ita
1056 501 1194 582 tantum,
1218 505 1254 564 ut

94 601 231 666 duobus
264 602 432 667 vocabulis
459 601 584 687 primus
616 625 673 685 pes
702 608 960 688 componeretur,
994 604 1090 671 vitari
1117 609 1254 689 poterat.

93 707 184 773 Hinc
208 708 314 794 igitur
337 712 387 773 est
409 730 473 792 our,
496 730 569 773 cum
591 730 657 773 non
682 709 786 774 multa
809 713 937 775 exstent
956 710 1138 775 huiusmodi
1159 712 1252 777 initia

92 815 139 903 (r.
165 817 220 882 86.
247 817 300 881 94.
323 817 399 882 497.
422 816 495 880 570.
519 814 568 902 3);

187 960 301 1046 Atque
323 958 358 1024 1‘d
381 962 492 1024 tamen
544 1009 1084 1023 .........

187 1065 269 1132 Non
292 1063 347 1130 hr'e
369 1065 477 1149 placet
542 1116 1083 1129 .........

182 1173 286 1238 Nune
309 1174 349 1236 ut
370 1171 452 1236 seiae

183 1278 284 1356 Quod
309 1277 374 1343 tibi
397 1278 489 1342 lube‘t
541 1329 1081 1344 .........
1264 1297 1346 1338 coxx

179 1385 302 1467 Adest,
326 1387 366 1449 e'n
390 1382 501 1470 illa6*)
530 1387 595 1465 [cm
618 1384 711 1449 illaec
737 1383 880 1467 Tria.‘²].
942 1438 947 1448 .
1008 1439 1014 1449 .
1076 1439 1082 1450 .

78 1529 251 1614 pandora
281 1527 383 1592 etiam
412 1527 615 1611 reperiantur
645 1526 684 1591 ad
715 1526 777 1593 hoo
805 1529 1101 1613 exemplumsaota
1130 1529 1173 1614 (v.
1197 1531 1249 1596 33.

76 1638 158 1703 541.
185 1635 272 1700 554.
296 1632 414 1698 Bacch.
438 1633 503 1699 260
527 1633 651 1717 [292]);

174 1777 314 1843 Eorum
337 1776 415 1841 licet

173 1885 274 1951 Onon
299 1883 432 1948 scabrae

170 1989 351 2070 Quoniam
373 1989 484 2054 uide‘nt
529 2039 1065 2057 ........

169 2096 345 2177 Quamuis
369 2099 487 2164 malam
527 2148 534 2161 .
602 2150 609 2163 .
678 2150 684 2162 .
743 2131 748 2147 ·
754 2150 1064 2166 .....

58 2244 149 2312 Nisi
183 2242 258 2307 hoe
288 2262 349 2325 pro
378 2244 479 2322 Quum
506 2244 557 2306 ais
584 2242 702 2306 erratum
731 2242 841 2326 potius
869 2243 1016 2327 accipias.
1065 2244 1173 2309 Aliam
1204 2245 1246 2309 ob

59 2371 253 2432 causeam,
280 2350 318 2413 nt
340 2347 372 2411 id
396 2348 457 2414 hac
480 2349 725 2432 opportunitate
749 2371 908 2432 moneam,
932 2373 995 2416 non
1019 2351 1082 2415 huo
1106 2351 1247 2435 pertinet

57 2483 92 2524 v,
122 2457 205 2523 779
240 2453 345 2520 Dicat
368 2456 549 2538 patremque
577 2457 623 2532 id,
654 2478 725 2520 eum
759 2456 798 2520 de
828 2457 901 2541 lege
931 2461 1136 2541 paroxytona
1166 2459 1247 2522 fiant

57 2561 281 2651 composita
297 2562 490 2645 patremque,
513 2563 654 2646 metrove,
677 2563 801 2628 odedire:
826 2563 910 2628 unde
933 2585 973 2627 ne
996 2565 1093 2629 adeon
1116 2564 1244 2648 quidem

58 2671 266 2740 dicendum
298 2673 349 2734 est
373 2669 404 2733 in
429 2669 544 2734 ultima
567 2675 695 2755 praetor
719 2672 879 2735 rationem
903 2672 984 2735 aeui.
1031 2671 1244 2755 Quamquam,

59 2786 102 2845 ut
129 2779 247 2864 plene
275 2775 338 2840 hoc
361 2797 461 2860 genus
485 2777 666 2860 definiatur,
689 2777 751 2842 hoo
771 2778 951 2842 addendum
972 2781 1031 2861 est,
1053 2801 1119 2843 non
1139 2778 1243 2864 magis

58 2888 172 2968 haec,
207 2906 313 2969 quam
338 2906 420 2969 quae
442 2905 541 2968 snpra
569 2885 778 2949 tractavimus
808 2886 941 2951 elisione
971 2886 1128 2967 breviata,
1156 2890 1243 2949 certa

59 2992 289 3060 necessitate
322 2991 405 3077 regi,
437 2992 492 3056 sed
526 2991 664 3055 liberum
696 2993 797 3056 fuisse
831 2994 936 3077 poetis
970 2998 1076 3057 utram
1109 2993 1243 3057 acuendi

61 3101 254 3167 rationem
286 3098 368 3163 inire
396 3099 525 3163 vellent.
575 3098 689 3182 Itaque
718 3104 751 3163 et
779 3102 934 3182 irataeque
964 3100 1030 3183 too,
1061 3101 1174 3164 (ideone
1203 3102 1244 3181 iu,

58 3206 307 3293 prinerrmdam
329 3205 477 3286 omn-ium,
499 3207 768 3286 eircriraspiratum
793 3205 843 3286 (ut
862 3205 951 3270 Trin.
976 3206 1050 3292 146)
1075 3213 1107 3271 et
1131 3208 1243 3272 metuo-

63 3338 129 3399 que
161 3313 241 3383 hoc,
276 3311 389 3375 adeone
415 3314 461 3389 iu,
488 3314 705 3393 privarinulum
737 3315 833 3395 certost,
867 3317 1137 3396 rireumspr'eodura
1170 3338 1242 3378 oum

65 3417 312 3501 similibusss)
344 3419 596 3501 pronuntiarunt
624 3420 787 3483 arbitratu
816 3421 961 3504 euo.***)
990 3460 1032 3466 -
1062 3419 1123 3483 Sed
1153 3420 1238 3504 quod
1255 3449 1348 3495 ccxxr

67 3580 303 3593 --,---

193 3666 222 3735 *)
243 3665 319 3720 Nam
337 3665 366 3719 in
384 3667 488 3721 talibus
507 3670 633 3737 apertum
653 3671 696 3722 eet
714 3670 753 3735 (et
772 3667 895 3737 apertius
915 3667 1000 3721 etiam
1020 3666 1092 3720 inira
1112 3668 1170 3731 fiet)
1189 3684 1239 3735 pro

8 3822 10 3827 ,
69 3761 178 3817 iambo
200 3770 275 3822 esee,
294 3771 350 3809 non
368 3773 419 3826 pro
437 3756 560 3826 spondeo
579 3757 659 3810 rtlaee
681 3758 751 3810 iotae
771 3774 833 3810 cnm
853 3754 981 3825 cognatis
1000 3754 1104 3811 formis.
1126 3788 1159 3795 --
1180 3757 1238 3810 Nee

8 3860 11 3927 ξ
70 3866 144 3905 vero
166 3843 368 3914 interpunctio
391 3848 455 3914 poet
477 3844 545 3898 dnae
568 3846 668 3899 breves
687 3846 722 3899 ab
741 3844 822 3900 initio
841 3845 964 3912 syllabae
983 3845 1034 3898 illa
1054 3849 1130 3900 caret
1149 3861 1240 3898 exem-

7 4006 10 4015 Ι
72 3938 140 4011 plin.
186 3931 306 3989 Similia
323 3935 388 3987 eunt
406 3932 481 3988 Trin.
501 3953 526 3989 v.
549 3939 599 3987 170
618 3933 728 4003 Lupus:
753 3936 920 3999 obteruntur,
938 3953 964 3988 r.
984 3941 1036 3987 524
1056 3935 1160 4004 Apapr.
1186 3933 1239 3988 ST.

70 4006 271 4088 jamme,
294 4021 354 4076 nu.
375 4021 421 4088 iv,
445 4028 471 4088 a,
496 4026 528 4075 re
558 4022 632 4091 ouer
656 4023 701 4076 aa
729 4024 825 4091 ecqua
844 4069 849 4078 .
870 4067 875 4077 .
897 4066 902 4076 .
923 4022 981 4077 uec
1007 4022 1143 4077 unumne
1163 4022 1238 4076 nan.

74 4137 100 4175 r.
121 4122 183 4173 818
205 4112 335 4168 Mittam.
357 4110 414 4165 ΟΔ.
433 4114 463 4166 e'o
481 4127 528 4180 epo
547 4155 552 4165 .
574 4154 606 4167 ..

170 4203 217 4273 ”)
238 4200 294 4273 [Cf.
315 4199 417 4269 Opuec.
436 4200 505 4270 phil.
526 4200 549 4254 11
568 4219 594 4271 p.
616 4200 690 4271 568]

150 4293 214 4362 ⁸³⁸)
240 4290 310 4346 Non
334 4287 433 4359 ignoro
455 4289 523 4359 quid
546 4291 581 4344 de
604 4295 735 4345 accentus
759 4288 922 4345 diversitate
942 4290 1008 4344 rideo
1028 4289 1106 4342 vorbi
1125 4291 1154 4344 et
1172 4291 1239 4344 ade'o

72 4384 243 4459 [miculae
267 4378 330 4433 aire
350 4377 448 4432 Festus
472 4378 530 4434 eive
549 4379 662 4434 Paullus
681 4380 788 4435 tradat:
813 4380 887 4447 quod
911 4378 1023 4447 quidem
1048 4395 1143 4433 eornm
1164 4380 1237 4449 ipro-

74 4494 135 4534 rum
156 4476 321 4548 poetarum
340 4468 477 4537 exemplo,
504 4468 552 4536 qui
570 4468 645 4525 vitae
665 4487 716 4524 usn
735 4470 882 4538 probatam
901 4466 1156 4548 pronuntiationem
1175 4471 1239 4522 eunt
