2962 5032
433 369 698 418 nanuusmouis
722 370 928 417 curvamen.
1193 353 1266 418 505·

204 511 421 597 Posteaquam
450 513 570 598 dactyli
599 514 632 577 in
660 513 835 578 trochaicis
863 535 958 578 usum
983 512 1028 577 sic
1052 514 1100 577 uti
1123 513 1184 579 feci
1209 536 1260 578 ex·

114 618 251 703 plicavi,
282 624 316 684 et
343 619 470 704 planius
500 624 533 685 et
560 621 687 704 plenius
716 624 920 705 perspectum
948 621 989 684 iri
1012 624 1091 705 puto
1116 643 1197 705 quae
1220 621 1259 685 de

116 727 318 810 anapaesti
341 726 376 790 in
399 716 582 792 iambicis
607 749 667 792 usu
691 727 825 792 dicenda
844 733 976 793 restant
1010 728 1132 792 Rursus
1152 732 1259 793 autem

115 833 176 897 hac
196 855 324 917 quoque
343 853 378 896 re
397 833 532 898 mirifice
551 835 756 918 comprobari
775 835 1035 919 conformarique
1055 835 1260 920 cognationis

116 941 275 1005 rationem
310 939 400 1003 illam
434 940 571 1024 senties,
608 963 706 1025 quam
740 963 809 1025 cap.
832 941 893 1006 XV
926 941 1143 1008 demonstravi
1175 943 1260 1007 inter

114 1046 290 1111 iambicum
318 1046 481 1111 senarium
510 1049 792 1132 septenariumque
820 1049 1022 1114 trochaicum
1051 1049 1259 1114 intercedere.

116 1153 272 1218 Abscissa
305 1154 392 1218 enim
425 1154 601 1238 septenarii
634 1155 755 1238 capite,
792 1156 876 1239 quod
913 1156 1030 1220 cretico
1063 1155 1258 1239 continetur,

116 1281 199 1345 quae
222 1260 415 1346 relinquitur
437 1282 513 1344 pars
533 1262 696 1325 senarium
715 1283 865 1345 aequans,
887 1262 921 1326 in
939 1283 986 1343 ea,
1010 1283 1091 1345 quae
1110 1262 1257 1346 legitima

115 1388 277 1431 caesura
305 1369 480 1451 septenarii
503 1368 579 1452 fuit,
609 1368 756 1452 legitima
783 1368 821 1432 fit
847 1368 1172 1452 penthemimeres
1201 1391 1258 1435 sc·

115 1474 232 1555 narii,
258 1475 442 1559 itemquae
466 1475 627 1558 bisyllaba
650 1475 752 1540 thesis
775 1459 809 1539 in
833 1479 947 1560 quarto
971 1476 1051 1558 pede
1075 1476 1258 1559 septenarii,
1351 1519 1353 1522 >

115 1581 278 1665 bisyllaba
302 1582 468 1647 anacrusis
491 1582 525 1646 in
549 1582 645 1646 tertio
665 1582 782 1646 senarii
801 1582 890 1665 pede.
921 1580 1013 1657 Quod
1033 1583 1163 1667 quidem
1182 1584 1258 1648 licet

117 1687 178 1753 hac
200 1689 304 1772 figura
328 1688 503 1754 declarare:

113 2205 293 2291 Legitimse
318 2209 426 2269 autem
450 2226 648 2287 caesurae,
678 2211 713 2269 ut
736 2206 812 2270 hinc
836 2207 957 2290 ordiar,
986 2207 1258 2290 quemadmodum

115 2314 251 2378 vicarias
276 2310 478 2396 septenarius
503 2333 557 2375 eas
581 2312 714 2395 ascivit,
738 2335 819 2396 quae
843 2313 883 2376 ab
907 2317 1042 2397 utraque
1066 2317 1159 2396 parte
1182 2314 1257 2378 vici-

115 2444 174 2485 nas
199 2421 247 2485 illi
271 2420 361 2485 sedes
386 2423 593 2503 occuparent,
615 2419 662 2484 ita
685 2419 819 2483 eandem
842 2420 1000 2484 rationem
1020 2419 1166 2484 senarius
1185 2442 1258 2484 cum
1358 2431 1364 2443 '

115 2529 224 2612 aliquo
253 2530 509 2612 temperamento
538 2530 667 2591 secutus
696 2533 759 2609 est,
793 2526 878 2610 quod
908 2549 946 2590 ex
973 2527 1045 2611 ipsa
1072 2525 1258 2590 diversitate

116 2635 282 2720 utriusque
306 2656 418 2699 versus
443 2635 678 2698 consectarium
702 2635 772 2699 fuit.
805 2633 891 2699 Nam
916 2656 986 2698 cum
1011 2637 1085 2698 ante
1109 2633 1257 2717 semiqui-

117 2743 241 2806 nariam
271 2743 352 2807 nihil
377 2742 551 2826 impediret
575 2743 747 2827 quominus
776 2763 909 2807 caesura
936 2747 1025 2824 post
1053 2739 1258 2804 secundum

116 2849 284 2913 iambum
309 2849 412 2914 fieret:

436 2991 948 3058 -υ-ΙΙυ.ὐ-Ιυ.ὐ-υ.ὐ-,

119 3121 230 3180 tamen
263 3117 348 3182 idem
382 3141 446 3182 una
476 3123 550 3200 post
578 3117 669 3181 illam
697 3117 825 3202 syllaba
851 3118 920 3181 fieri
950 3117 1034 3181 ratio
1063 3115 1166 3180 vetuit
1196 3136 1260 3199 qua

116 3246 322 3289 caesurarum
341 3225 549 3289 stichicarum
568 3222 658 3308 (uam
677 3224 716 3289 de
735 3224 858 3309 podicis
877 3246 962 3288 nunc
981 3245 1045 3288 non
1065 3219 1194 3307 loquor)
1214 3222 1259 3285 in-

118 3332 272 3396 stitutum
296 3353 390 3396 omne
414 3331 547 3415 regitur.
593 3330 715 3407 Quibus
744 3354 815 3395 cum
844 3332 875 3395 id
900 3330 1051 3414 consequi
1077 3351 1130 3393 ars
1154 3328 1261 3410 vellet,

115 3442 153 3501 ut
176 3436 361 3521 longiorum
385 3438 560 3521 eodemque
584 3459 719 3502 numero
742 3439 981 3502 decurrentium
1004 3457 1153 3499 versuum
1177 3441 1258 3500 tam·
1276 3460 1412 3500 conxxiu

115 3566 213 3627 quam
243 3544 347 3608 solido
377 3567 512 3629 corpore
541 3545 692 3611 bifariam
721 3543 893 3609 articulato
917 3543 1084 3608 varietatis
1114 3543 1258 3607 suavitas

115 3672 133 3712 e
158 3649 319 3713 similibus
340 3651 393 3714 sed
413 3650 536 3715 eisdem
555 3650 780 3735 inaequalibus
800 3648 946 3732 partibus
965 3652 1165 3713 nasceretur:
1189 3671 1258 3732 sep·

115 3755 262 3818 tenarius
287 3755 431 3840 quidem,
460 3761 496 3821 ut
521 3757 575 3840 qui
601 3755 716 3839 impari
739 3747 874 3819 numero
898 3753 1101 3836 syllabarum
1125 3759 1260 3834 constet,

115 3861 230 3945 quovis
254 3862 324 3926 loco
349 3861 449 3925 dividi
474 3862 542 3926 sine
568 3862 734 3926 varietatis
759 3860 951 3925 detrimento
976 3860 1091 3943 potuit,
1115 3862 1260 3926 senarius
1355 3849 1357 3852 ⁵

116 3991 180 4033 uno
210 3969 267 4033 illo
297 3968 368 4032 loco
396 3990 461 4032 non
494 3969 602 4051 potuit
633 3968 686 4053 qui
722 3966 891 4070 proximuq
921 3969 972 4029 est
1002 3971 1078 4050 post
1110 3968 1260 4053 semiqui-

120 4076 246 4140 nariam
279 4097 454 4141 caesuram.
501 4075 607 4159 Igitur
639 4074 700 4138 sibi
735 4077 886 4138 constans
920 4095 973 4136 ars
1007 4073 1046 4137 ad
1079 4075 1261 4158 proximam

116 4181 308 4266 postillam
332 4182 493 4266 syllabam
516 4201 690 4266 progressa
714 4179 1078 4263 semiseptenariam
1102 4181 1261 4263 probavit,

115 4327 327 4334 ..——-—-.-.-

116 4393 166 4446 sed
185 4392 280 4447 Cetera
298 4409 373 4461 rape,
388 4394 472 4458 trahe,
490 4394 564 4462 falce,
584 4392 637 4445 late
656 4389 780 4444 scribens
800 4388 1080 4460 proceleusmaticum
1099 4393 1166 4460 rdpe
1185 4392 1261 4446 trote
1314 4400 1318 4405 '

115 4481 214 4536 dedita
233 4497 317 4551 opera
336 4498 353 4534 a
371 4483 456 4550 poeta
474 4481 632 4550 quaesitum
651 4479 785 4551 putavit]
