2962 5032
491 311 754 363 auarnsrroms
778 311 981 361 susurrum.
1251 293 1316 360 417

261 454 376 523 Hostis
400 464 449 524 cst
470 459 550 524 ector
572 459 675 524 inuita
698 480 780 543 quae
804 458 845 521 ad
869 457 974 522 uirum
997 459 1135 541 nuptum
1159 455 1267 521 datur:

169 601 291 685 quibus
324 600 400 666 addi
432 604 571 685 possunt
604 600 721 685 Amph.
749 599 779 683 Ι,
806 602 837 683 1,
862 600 913 665 68.
945 601 996 663 74.
1032 599 1122 664 Asin.
1146 597 1186 681 V,
1209 598 1243 681 2,
1268 599 1318 663 77.

167 705 291 772 Bacch.
315 706 354 792 V,
378 708 408 792 2,
430 709 487 772 44:

262 839 388 945 Dbindc
411 854 545 934 uterque
568 851 735 933 inceperator
757 850 791 913 in
815 849 956 913 medium
979 851 1105 913 exeunt.

262 957 441 1039 Imperator
463 961 598 1041 uterque
620 955 696 1021 hinc
720 960 754 1021 et
776 955 867 1021 illinc
891 955 971 1020 Ioui.

261 1061 358 1127 Modo
388 1086 485 1148 quom
513 1063 601 1127 dicta
629 1064 662 1127 in
691 1085 742 1127 me
769 1061 955 1146 ingerebas,
987 1062 1110 1146 odium,
1142 1085 1207 1128 non
1239 1063 1320 1127 uxor

1026 1191 1122 1233 cram.

263 1275 366 1360 Tune,
397 1275 495 1341 homo
529 1275 655 1361 putide,
687 1275 810 1340 amator
840 1275 924 1339 istac
957 1275 1026 1339 ficri
1059 1277 1165 1339 aetate
1198 1274 1318 1339 audes?

1026 1380 1092 1457 Qnr'
1112 1382 1201 1446 non?

164 1522 265 1612 (nam
296 1525 457 1610 probandi
490 1525 554 1590 vim
587 1526 713 1591 nullam
735 1525 830 1611 Epio.
854 1525 893 1608 V,
919 1527 946 1608 1,
971 1524 1150 1607 achabet,
1188 1520 1317 1587 dubiam

164 1631 270 1697 Mero.
293 1631 349 1717 IV,
372 1634 402 1717 4,
426 1633 482 1697 6οε

263 1773 401 1860 Se‘quera
428 1776 490 1840 bac
518 1798 569 1840 mc
595 1776 690 1841 soror.
736 1774 802 1841 ΕΡ.
829 1776 902 1861 Ego
933 1776 974 1841 cd
1001 1798 1061 1841 uos
1084 1774 1318 1859 Thesprionem

1026 1883 1167 1948 iussero:

270 1989 362 2066 Vao'r,
385 1987 465 2054 bens
490 2011 578 2072 uxor,
602 1992 799 2075 quamquam
823 1993 859 2054 tu
883 1989 994 2054 irata’s
1018 1988 1127 2074 mihiz)

168 2129 337 2196 addendus
367 2130 565 2216 ambatiam,
595 2135 632 2196 ut
655 2154 723 2217 cap.
746 2131 808 2196 XV
833 2134 877 2215 [p.
901 2148 1031 2195 ccxxix
1056 2126 1164 2215 (463)]
1189 2129 1320 2213 docebo,

168 2235 357 2302 Trinummi
379 2260 408 2303 v.
436 2240 519 2304 1016
543 2241 589 2305 sic
613 2239 720 2304 verbis
744 2239 861 2303 leniter
883 2237 1104 2322 transpositis:

263 2377 455 2464 Gurguliost
477 2382 631 2460 εωένοίέόν,
655 2380 682 2444 is
701 2381 866 2445 hominem
885 2378 1007 2465 hunc*)
1028 2380 1193 2445 cursuram
1212 2381 1318 2446 docet:

170 2521 228 2586 sed
251 2543 293 2586 ne
317 2522 355 2586 de
380 2523 445 2586 illis
465 2523 594 2607 quidem
614 2524 715 2588 ullam
734 2522 904 2587 dubitandi
924 2544 1072 2587 caussam
1091 2522 1184 2587 uideo
1203 2522 1319 2587 Bacch.

170 2626 196 2711 Ι,
216 2627 248 2712 2,
269 2629 319 2693 15.
347 2626 439 2713 Gapt.
457 2628 515 2714 IV,
534 2631 564 2713 2,
583 2632 613 2694 2.
640 2630 737 2715 Epid.
756 2629 814 2714 ΙΙΙ,
835 2630 864 2713 2,
884 2630 936 2694 35.
964 2629 1083 2713 Amph.
1102 2628 1127 2712 Ι,
1147 2629 1177 2713 3,
1196 2630 1252 2694 5οε

263 2769 279 2832 Ι
301 2772 425 2836 stultia
448 2793 482 2837 es
505 2772 644 2838 barbaro
668 2771 800 2838 Potitio.

263 2875 368 2941 Tanto
394 2878 438 2943 mi
463 2878 631 2963 aegritudo
654 2879 773 2942 audior
795 2882 845 2943 cst
867 2879 899 2943 in
924 2880 1041 2944 animo.

268 2983 429 3048 Vorsutior
451 3006 485 3048 es
508 2985 604 3069 quam
628 2988 701 3048 rota
723 2986 875 3069 figularis.
911 2985 982 3050 Iam
1006 3007 1066 3071 ago
1090 2986 1221 3069 parabo.

263 3072 371 3174 Atque
396 3094 519 3176 quanto
542 3093 604 3155 nox
628 3090 717 3155 fuisti
742 3092 860 3174 lonpicr
882 3093 943 3157 hac
966 3093 1140 3177 proxuma:

173 3230 266 3318 (nam
295 3254 333 3297 ex
358 3234 447 3298 Asin.
470 3232 534 3316 ΙΙΙ,
557 3233 591 3315 2,
618 3234 655 3297 ll
686 3234 767 3297 nihil
797 3235 1017 3318 consequitur,
1050 3235 1104 3299 ubi
1131 3236 1243 3316 sortior
1270 3238 1320 3298 est

173 3341 209 3403 in
236 3360 370 3403 caesura
396 3340 526 3404 iambici
554 3341 753 3426 septenarii).
800 3339 923 3405 Verum
953 3343 1084 3426 egregio
1108 3342 1247 3406 Acidalii
1270 3341 1317 3405 in·
1333 3363 1453 3404 ccxxvi

176 3449 272 3511 vento
293 3443 394 3532 (quod
414 3447 535 3531 possim
550 3444 666 3512 Naevii
686 3469 822 3532 quoque,
845 3447 943 3511 Ennii
968 3450 1064 3530 atque
1083 3447 1163 3511 adeo
1178 3446 1319 3532 Vergilii

176 3573 239 3615 usu
262 3553 467 3636 confirmare,
490 3554 555 3618 nisi
578 3555 672 3618 unius
696 3575 747 3617 me
770 3553 881 3617 Plauti
904 3553 1023 3617 finibus
1047 3554 1195 3618 consulto
1220 3554 1320 3618 conti·

175 3656 285 3744 naam)
309 3681 383 3723 cum
407 3659 489 3724 alios
512 3664 582 3724 tum
605 3661 712 3744 ipsum
739 3682 809 3724 esse
833 3661 951 3725 abusos
972 3661 1129 3743 existimo,
1152 3683 1225 3725 cum
1245 3683 1319 3725 ean·

177 3764 249 3829 dem
267 3766 513 3850 productionem
533 3769 632 3831 etiam
653 3766 691 3831 ad
708 3767 878 3832 verborum
897 3766 1019 3831 formas
1039 3766 1200 3850 quaslibet
1218 3771 1321 3832 trans·

175 3872 332 3956 tulerunt,
360 3878 396 3936 ut
420 3874 525 3955 lopun
544 3875 645 3954 fatcor
668 3895 771 3938 cruror
792 3856 1021 3958 ucccbinor**).
1063 3871 1202 3937 Videtur
1224 3874 1256 3937 id
1281 3874 1320 3938 de

176 4000 216 4042 ar
234 3979 360 4063 syllaba
383 3980 620 4046 concedendum
640 4004 719 4067 esse,
742 3986 779 4046 ut
798 4004 879 4066 quae
898 3981 1030 4066 longam
1050 3981 1194 4046 vocalem
1215 3985 1321 4045 servat

176 4087 210 4150 in
234 4087 347 4150 ceteris
370 4089 516 4171 personis
547 4089 630 4171 lepor
654 4090 765 4171 leporis
788 4090 904 4171 leputar
926 4088 1032 4170 leporis
1055 4088 1178 4171 leuetur:
1208 4111 1321 4172 parem

267 4259 291 4330 ³⁸)
312 4262 356 4332 [ln
375 4262 418 4317 ed.
438 4263 485 4319 alt.
505 4263 676 4319 Ritschelius
694 4265 767 4318 tuuc
784 4279 840 4318 non
858 4261 1043 4333 transposuit,
1067 4263 1116 4318 sed
1135 4263 1240 4319 delevit
1257 4263 1320 4320 coll.

175 4368 201 4403 v.
222 4356 325 4418 eo1sq.
347 4357 398 4406 861
419 4352 478 4419 (nbi
497 4353 561 4409 vide
579 4353 745 4423 annotata).]

248 4438 290 4508 **)
310 4438 364 4509 [cf.
385 4440 485 4509 Opusc.
506 4443 574 4510 phil.
594 4444 618 4496 Il
639 4460 665 4511 p.
686 4442 759 4511 641]

232 4547 271 4580 aa.
291 4547 442 4583 siracusam
462 4549 599 4585 orvscvni
618 4551 643 4584 v.
1073 4537 1106 4585 27
