2962 5032
394 346 655 397 rruuunumoms
679 348 884 397 enlv'rmao.
1153 332 1218 398 483

83 496 252 577 ›nytonum
276 495 417 558 ouiruuuc
440 495 607 559 dicendum
631 499 682 559 est
703 516 768 558 non
791 496 864 579 plus
888 494 1079 559 intentionis
1098 493 1218 558 habere
1232 519 1326 559 coum

83 622 186 685 {uam
199 602 227 664 si
250 601 283 665 in
302 601 387 664 thesi
406 602 494 665 velut
513 601 558 665 sio
578 600 746 665 deliteseat
765 602 814 664 Τά
831 604 860 666 si
878 602 1019 664 ouiruuru
1037 602 1221 683 c'upupuusti

83 709 182 787 otius,
203 729 263 772 nec
281 709 460 772 sententiae
480 730 545 771 non
563 709 662 772 etiam
681 708 787 772 media
807 709 838 772 vi
857 708 1046 771 intentionis
1061 709 1219 773 satisfieri.

83 812 156 875 'tom
175 813 292 877 Bacch.
313 835 338 878 v.
362 815 424 879 188
441 814 535 896 [220]
556 835 627 878 cum
648 815 808 877 sententia
826 813 938 878 extolli
956 817 1030 878 ouri
1052 816 1219 880 notionem

85 919 198 984 ubeat:
228 942 266 983 ea
293 943 365 984 oum
392 914 571 985 fortissime
600 943 678 985 sone
706 923 796 984 velut
819 920 880 986 hoe
903 924 1048 1005 exemplo
1074 928 1219 986 acuatur:

83 1025 220 1092 eutoso
240 1029 295 1092 isti
317 1029 394 1091 (reiro
416 1030 483 1091 ium
505 1029 581 1110 opas
603 1033 654 1111 est,
678 1033 789 1092 tamen
814 1050 851 1091 ex
875 1050 922 1112 eo,
945 1029 1032 1112 quod
1050 1017 1126 1093 talis
1146 1052 1219 1094 oon·

83 1133 226 1197 'ormatio
258 1134 430 1199 verborum
460 1135 536 1198 iniri
567 1156 632 1198 non
662 1138 785 1219 potest,
817 1157 882 1198 non
915 1137 1124 1219 consequitur
1154 1158 1220 1201 non

83 1245 239 1305 ›raestare
269 1264 342 1305 eum
373 1242 532 1324 ordinem,
563 1242 618 1324 qui
649 1241 759 1325 aliquo
792 1239 888 1305 modo
920 1261 999 1305 curo
1031 1264 1142 1306 vocem
1174 1243 1221 1306 in-

83 1347 189 1410 umlit:
220 1348 307 1412 Nom
335 1350 404 1413 istic
431 1348 564 1429 sortisse
593 1349 721 1412 uuro'st
748 1367 824 1429 opus
855 1345 964 1432 (quem
998 1349 1060 1432 ipsi
1093 1348 1219 1413 codices

83 1453 256 1538 rraestaut)
284 1477 361 1538 prae
388 1476 426 1518 eo
455 1477 518 1538 quo
547 1455 604 1518 illa
631 1475 763 1538 prorsus
792 1455 1018 1537 supprimitur:
1043 1455 1130 1519 Num
1152 1456 1221 1519 istic
1323 1511 1324 1514 ,

83 1559 202 1626 utrem
224 1582 302 1625 auro
325 1563 400 1644 opus
423 1567 474 1627 est.
1044 1556 1047 1563 ’
1167 1577 1170 1584 ·

163 1667 234 1732 lam
262 1669 335 1732 vide
363 1668 443 1732 mihi
472 1690 555 1751 quae
583 1672 616 1732 et
638 1669 749 1751 qualia
772 1667 838 1731 sint
860 1689 943 1751 quae
965 1669 999 1733 in
1023 1669 1136 1734 eodem
1160 1671 1219 1734 illo

83 1775 233 1859 ›iincipio
257 1773 438 1839 Trinummi
467 1779 558 1840 extro
587 1774 684 1838 arsim
715 1775 823 1857 posita
852 1775 927 1838 sint.
972 1773 1116 1839 Primum
1153 1798 1220 1840 mo·

83 1881 245 1964 iosyllaba
268 1880 367 1945 habes
397 1881 447 1945 vel
477 1881 612 1952 elisione
641 1880 869 1964 monosyllabo
897 1881 996 1965 faeta,
1023 1882 1219 1966 leviorisque

83 1988 230 2053 nomenti
259 1972 434 2070 bisyllaba:
467 1987 658 2070 particulas,
690 1987 897 2071 pronomina,
929 1987 998 2052 siue
1030 1989 1147 2072 quibus
1179 2011 1220 2053 ue

84 2097 139 2161 eri
170 2094 302 2180 quidem
330 2096 500 2159 enuntiata
529 2100 678 2178 possunt:
707 2094 886 2159 breviculas
915 2097 1082 2160 nominum
1106 2096 1219 2160 verbo·

83 2224 208 2286 ,imque
235 2202 357 2267 formas
385 2201 467 2266 nihil
495 2202 684 2287 insignioris
712 2203 869 2284 notionis,
902 2201 1020 2266 nedum
1049 2202 1147 2266 ullius
1179 2203 1219 2266 ad

83 2309 267 2374 enteutiam
291 2309 443 2392 ponderis
472 2309 644 2391 quicquam
674 2308 874 2372 habentium.
920 2307 1034 2373 Velut:
1062 2308 1221 2390 Sequere

83 2416 124 2480 cic
143 2436 197 2478 mc
214 2421 312 2496 priato
331 2420 371 2478 ut
390 2416 504 2478 miuus
523 2412 670 2496 funporis
690 2419 783 2477 tuum.
818 2414 943 2496 Sequor,
963 2416 1025 2478 scel
1043 2416 1136 2496 'tuem
1153 2416 1221 2496 so're

83 2543 172 2586 uem
195 2523 296 2586 duom
317 2523 425 2586 roseio.
471 2522 599 2603 Adest,
626 2521 758 2585 cirillae
782 2520 834 2600 [cf.
854 2543 885 2604 p.
903 2521 983 2600 455]
1007 2528 1097 2586 suut
1124 2524 1220 2587 acilus.

83 2630 231 2693 >edricum
249 2630 279 2693 si
296 2629 439 2709 quidem
452 2628 592 2709 operam.
606 2677 629 2690 ..
650 2627 841 2707 Hocquue
859 2627 939 2691 obiit
955 2629 1046 2706 iutro,
1064 2630 1168 2693 dicum
1187 2631 1220 2693 si

83 2737 213 2800 cirrium
239 2737 428 2800 educititia
463 2735 609 2798 Primriru
636 2734 727 2798 uuiti
754 2734 896 2800 Plautus.
916 2786 923 2799 .
943 2785 976 2800 ..
1006 2736 1095 2800 Tum
1122 2737 1219 2801 illiue

83 2841 163 2906 silei
190 2862 316 2906 esse...
344 2841 414 2906 Serl
439 2842 475 2904 eo
497 2843 586 2922 quiri
611 2840 749 2904 hue...
776 2841 914 2922 Accipite
940 2847 974 2906 et
999 2843 1068 2906 dote
1089 2848 1219 2909 uociuus

83 2951 160 3013 uris
191 2950 275 3013 dum
305 2948 436 3029 eloquor.
479 2948 659 3027 Quoniam
689 2940 722 3012 ii
752 2948 815 3029 qui
845 2968 897 3012 me
928 2949 1219 3016 oleret...Dedi

83 3058 95 3120 i
118 3076 235 3119 mecm
254 3063 396 3139 picotum,
418 3059 541 3136 quicum
568 3077 641 3119 uuo
663 3061 792 3120 oetatem
818 3056 927 3136 micat.
973 3054 1044 3120 Seu
1064 3058 1105 3121 de
1126 3057 1217 3140 eirpu·

83 3167 171 3226 uento
198 3183 242 3225 ue
268 3165 520 3243 exspectetis...
545 3162 638 3226 Seuc's
664 3165 727 3243 qui
753 3162 821 3225 leuc
842 3163 976 3245 rccuieut,
1002 3165 1110 3227 irem
1131 3165 1218 3229 uobis

83 3271 217 3352 merim.
261 3270 353 3333 Nune
374 3290 431 3334 uos
451 3270 507 3332 luc
529 3275 617 3351 roput
647 3269 687 3332 Vt
709 3270 798 3333 liceat
814 3271 970 3350 possidere
991 3270 1086 3335 tuuc
1107 3290 1217 3335 uoureu
1233 3299 1323 3338 ccmv
1405 3355 1407 3359 y

83 3376 221 3441 fibulum
269 3375 356 3441 Satis
385 3381 434 3442 est
462 3376 697 3461 exemplorum,
724 3377 758 3439 in
787 3378 903 3461 quibus
932 3383 1066 3442 accentu
1090 3383 1124 3442 et
1145 3401 1218 3444 con-

83 3483 251 3546 unetiones
275 3488 387 3549 carent
408 3484 592 3568 formaeque
620 3464 776 3547 relativae
802 3484 1066 3568 coagmentandis
1090 3488 1217 3549 tanturn

83 3589 248 3655 >nuntiatis
272 3590 495 3675 inservientes,
518 3595 550 3654 et
574 3591 654 3654 tales
679 3589 827 3653 notiones
852 3590 967 3672 quibus
987 3612 1029 3654 nc
1048 3606 1128 3674 opus
1148 3593 1217 3675 qui·

83 3696 144 3760 lem
175 3701 225 3760 est
255 3697 294 3759 ad
326 3698 506 3760 sententiae
537 3718 698 3761 summam
729 3696 982 3779 percipiendam,
1013 3697 1069 3761 sed
1097 3697 1217 3761 autad

83 3802 140 3866 eius
163 3804 274 3887 paullo
298 3805 531 3867 accuratiorem
555 3802 773 3867 definitionem
796 3803 910 3866 autad
929 3803 1070 3887 aliquem
1089 3807 1218 3867 tontum

83 3911 193 3974 :ultum
213 3915 428 3994 ornatumque
448 3910 692 3994 cogitationum.
725 3909 809 3974 Nam
830 3909 977 3993 intellegi
997 3910 1125 3993 quidem
1145 3933 1217 3994 pro-

83 4017 155 4081 ’ecto
186 4017 285 4080 etiam
312 4017 392 4081 haec
420 4023 606 4100 potuerant:
635 4018 764 4098 Sequere
790 4016 848 4081 tac
871 4023 969 4099 puoto
997 4019 1065 4081 sine
1094 4038 1154 4095 rue,
1180 4038 1219 4081 eu

83 4123 145 4187 'llue
176 4126 263 4188 cedes
286 4125 355 4189 sine
378 4129 463 4214 aeut,
491 4126 519 4187 si
546 4146 669 4206 operum
696 4127 771 4188 (lure
788 4125 972 4205 promittitis
996 4124 1065 4188 sine
1088 4125 1217 4205 quedem,

83 4252 137 4294 ‘um
161 4232 257 4295 illanc
275 4252 335 4294 esse
355 4232 423 4295 sine
442 4232 529 4314 iri-ilci,
551 4233 620 4295 decli
638 4234 665 4294 ei
680 4236 810 4313 puotoru
828 4232 950 4313 quicum
968 4235 1097 4295 aetutem
1115 4231 1219 4313 erepet

83 4336 140 4401 line
159 4358 259 4400 ureuru
278 4341 311 4400 et
333 4359 407 4415 uuo,
429 4358 514 4402 senes
536 4339 589 4418 qui
611 4339 735 4401 ueuieru
756 4339 826 4402 sine
848 4338 914 4417 hue,
938 4340 950 4401 i
972 4338 1059 4403 uotis·
1081 4338 1218 4420 operient

83 4443 141 4506 uine
169 4465 251 4507 reric:
280 4444 358 4505 item
386 4466 469 4506 urorc
495 4444 549 4507 lior
576 4449 664 4524 repat
686 4444 755 4508 sine
777 4465 845 4520 uos,
872 4450 905 4508 et
929 4445 1086 4526 possidere
1107 4465 1217 4508 uouwu

949 4549 1004 4602 31*
