2962 5032
491 228 755 277 uuaunu‘rrours
780 229 986 278 alirumnas.
1246 213 1312 278 335

175 368 210 453 ll,
231 370 263 454 2,
286 370 309 435 ὃ
332 393 398 437 non
420 377 498 436 sunt
519 373 658 455 equidem
678 374 707 438 si
728 373 787 438 scis
809 378 872 438 tute
895 373 1068 458 iungenda,
1097 373 1153 438 sed
1175 375 1312 454 equidem

170 476 349 560 particulae
370 479 569 545 constructio
592 502 650 564 per
673 479 856 563 proximum
879 501 1007 544 versum
1032 480 1263 544 continuanda:

211 603 384 720 liquidem,
408 621 436 686 si
460 621 523 685 sois
546 625 618 686 tutte
641 626 721 705 quot
742 621 838 686 hodie
862 622 983 686 habeas
1007 622 1128 704 digitos
1152 621 1185 687 in
1205 644 1312 705 mauu,

211 724 308 809 Egon
330 726 403 791 dem
425 727 545 812 pignus
569 728 698 792 tecum?
1380 719 1383 726 ¹

168 867 213 931 sic
237 867 325 932 enim
348 869 429 934 haec
452 870 622 935 scribenda
645 869 780 935 ducibus
802 870 905 954 libris,
929 870 960 935 in
985 893 1119 955 quorum
1136 873 1167 936 A
1191 889 1310 937 naono

170 990 313 1039 ”mnus
337 976 502 1061 apparuit,
525 977 558 1043 iu
581 975 615 1065 Β
639 981 689 1041 est
710 977 868 1042 Eooudem
885 977 1009 1060 qu'quufi
1033 978 1066 1042 in
1089 977 1117 1043 0
1136 979 1222 1063 quod
1245 980 1311 1042 vul·

167 1083 266 1165 gatus
296 1081 415 1147 Eodem
440 1084 572 1167 piquus:
604 1106 670 1149 nou
703 1088 811 1149 autem
844 1084 990 1167 profecto
1023 1086 1096 1167 plus
1125 1085 1311 1150 offensionis

168 1186 288 1252 habere
318 1189 404 1254 inter
433 1211 468 1255 se
498 1189 658 1277 dirempta
687 1191 824 1272 equidem
847 1226 888 1235 —
912 1211 963 1273 eqo
992 1190 1185 1256 videbuntur
1214 1213 1310 1277 quam

167 1293 265 1359 Mero.
289 1294 332 1377 Π,
358 1297 385 1379 1,
407 1296 451 1361 40
474 1296 566 1363 iuxta
587 1297 709 1382 posita:
746 1298 864 1361 Amuui
885 1296 982 1361 hercle
1004 1299 1139 1380 equidem
1162 1319 1214 1380 eqo
1237 1299 1311 1362 olim

164 1401 200 1464 im
221 1402 438 1468 adulescentie.
482 1402 668 1470 lnauditum
692 1408 742 1468 est
765 1406 874 1468 autem
898 1426 936 1468 ea
959 1408 1135 1488 potestate,
1164 1428 1227 1488 qua
1249 1427 1310 1470 nos

163 1508 233 1573 aad
258 1529 346 1573 meur
375 1510 524 1595 dicimus,
555 1511 700 1596 positum
732 1511 867 1593 equidem
896 1533 957 1594 pro
986 1512 1123 1592 quidem:
1161 1512 1311 1597 quocirca

165 1613 252 1680 baud
276 1620 464 1683 cunctanter
486 1616 616 1703 Epidici
638 1616 695 1700 IV,
719 1618 749 1700 2,
772 1617 814 1681 33
838 1617 1057 1701 reponendum
1079 1595 1311 1684 Adulescentem-

164 1715 292 1806 quidem
319 1725 457 1791 dicebaut
483 1725 597 1790 ebriose.
643 1724 781 1789 Restant
809 1724 874 1789 tria
902 1724 972 1788 sola
995 1725 1144 1808 exempla
1167 1722 1309 1811 (quaudo

166 1830 348 1896 'll-inummi
386 1855 413 1895 v.
436 1832 501 1896 352
533 1832 672 1914 equidem
702 1854 768 1896 non
800 1836 851 1895 cst
878 1830 1035 1896 Palatinis
1068 1852 1140 1895 cum
1164 1832 1197 1895 A
1227 1855 1310 1898 eom-

164 1937 291 2022 mune),
322 1937 501 2023 horumque
529 1938 592 2003 duo
620 1938 668 2003 ita
691 1943 879 2022 comparata
901 1942 950 2021 ut,
982 1937 1252 2023 quemadmodum
1276 1941 1309 2004 in
1324 1961 1424 2023 nxxrrr

165 2043 298 2128 reliquis
326 2067 427 2129 prope
456 2044 606 2109 omuibus
636 2040 859 2130 (mquidem,
892 2045 971 2108 decet
994 2049 1026 2108 te
1053 2047 1188 2126 quidem,
1220 2053 1310 2128 utque

164 2150 302 2231 meudun,
334 2151 527 2217 adulescente
549 2149 700 2235 quidem),
732 2151 920 2237 contiguam
947 2172 963 2215 e
990 2150 1131 2216 litteram
1161 2174 1309 2217 caussam

164 2255 270 2322 fuisse
294 2258 413 2324 erroris
437 2262 602 2343 appareat,
625 2256 693 2322 Mil.
716 2256 779 2340 ΙΙΙ,
797 2261 823 2341 1,
838 2256 889 2320 54.
913 2254 1001 2319 Triu.
1017 2257 1096 2320 611:

224 2380 332 2484 litque
357 2399 534 2485 [e]quidem
557 2399 654 2484 plane
677 2399 846 2464 educatum
869 2399 905 2462 iu
927 2398 1090 2462 nutricatu
1115 2397 1265 2466 Venerio.

164 2520 170 2529 ·
223 2488 333 2592 itque
359 2507 535 2591 [e]quidem
559 2507 649 2591 ipsus
672 2507 760 2571 ultro
784 2506 872 2570 uenit
894 2502 1007 2570 Philto
1032 2509 1159 2570 oratum
1183 2504 1264 2571 fssio.

166 2647 288 2732 Ecquis
317 2649 418 2734 igitur
445 2650 510 2714 iam
538 2649 703 2714 dubitabit
726 2647 830 2714 Stichi
853 2670 980 2733 quoque
1002 2652 1111 2712 versui
1135 2648 1190 2733 IV,
1217 2652 1243 2732 l,
1266 2651 1308 2715 48

164 2754 254 2819 mm
284 2757 408 2838 quidem
438 2757 536 2821 hercle
566 2756 647 2839 quo'd
674 2757 767 2820 edum
794 2756 893 2821 misius
922 2753 1053 2819 reddere
1083 2755 1205 2820 usitata
1236 2757 1310 2819 (trem

164 2863 357 2946 particulae,
390 2868 428 2928 ut
456 2862 545 2928 Trim
576 2862 633 2945 58,
664 2863 865 2927 intentione?
917 2861 993 2926 Non
1022 2865 1166 2927 recurret
1196 2863 1310 2946 opinor

165 2967 257 3034 furca
281 2969 451 3054 expulsum
474 2970 657 3053 equidem.*)

257 3076 309 3142 Ab
328 3077 455 3161 horum,
478 3099 561 3162 quae
584 3096 654 3140 esse
679 3081 768 3142 certa
786 3081 906 3162 putem,
930 3078 1085 3143 societate
1109 3078 1311 3163 segreganda

165 3187 256 3265 sunt,
286 3182 324 3246 de
353 3183 470 3266 quibus
499 3184 573 3248 volo
602 3182 643 3246 ab
674 3183 746 3247 aliis
775 3183 892 3248 doceri.
937 3183 1038 3249 Velut
1065 3206 1137 3249 eum
1162 3185 1309 3249 crebrum

167 3310 240 3352 esse
263 3287 416 3355 Plautum
441 3290 624 3375 glossarum
647 3291 900 3356 reconditiorum
925 3313 984 3354 usu
1009 3293 1149 3375 constet,
1173 3313 1309 3376 quarum

168 3395 291 3459 multas
318 3395 351 3460 in
380 3396 501 3461 nostris
525 3396 617 3461 libris
648 3397 840 3462 obscuratae
871 3402 960 3481 suut,
994 3397 1056 3460 erit
1084 3396 1224 3462 fortasse
1254 3399 1309 3480 qui
1337 3381 1339 3385 ¹

164 3524 225 3587 pro
255 3524 293 3567 eo
320 3501 407 3586 quod
434 3524 464 3566 v.
486 3502 552 3566 492
581 3502 732 3587 vulgatur
758 3503 898 3567 sutilium
925 3503 989 3567 tale
1017 3505 1211 3569 vocabulum
1236 3504 1310 3567 sub·

167 3610 346 3692 ministret,
378 3608 463 3692 quod
492 3614 525 3674 et
553 3610 586 3673 in
616 3609 828 3674 Ambrosiaui
851 3611 1040 3674 memoriam
1065 3628 1128 3676 ssu·
1143 3657 1153 3677 .
1168 3629 1190 3675 L
1207 3657 1216 3676 .
1232 3655 1241 3674 .
1258 3656 1267 3675 .
1283 3628 1308 3673 M

168 3718 340 3781 conveniat
363 3720 397 3780 ct
414 3716 540 3781 hiatum
560 3717 608 3780 ita
626 3716 721 3780 tollat
740 3720 776 3778 ut
794 3737 860 3780 uon
880 3737 962 3799 opus
985 3717 1030 3780 sit
1051 3719 1174 3782 uuiuuui
1195 3717 1308 3782 forma.

167 3821 301 3888 Vtinam
324 3824 426 3908 igitur
448 3823 482 3887 iu
505 3822 644 3887 vetustis
668 3823 837 3907 glossariis
859 3823 938 3907 illis,
968 3846 1104 3908 qnorum
1132 3845 1217 3888 nunc
1244 3825 1309 3887 lau·

166 3934 235 3995 tam
269 3930 444 3995 editionem
477 3951 497 3992 a
528 3927 564 3992 G.
588 3926 623 3993 F.
647 3927 869 3994 Hildebrando
901 3931 1010 4014 parari
1041 3932 1213 4015 laetamur,
1242 3931 1308 3994 tale

255 4160 282 4228 ’)
303 4158 357 4228 [Da
375 4160 497 4228 equidem
516 4157 656 4228 particula
674 4157 757 4212 cessit
775 4159 945 4215 Ritschelins
964 4161 1112 4218 Ribbeckii
1130 4162 1309 4231 argumenta·

167 4247 238 4302 tioni
260 4248 290 4302 in
311 4247 458 4317 ‘Beitrbge
481 4267 529 4302 nur
547 4248 636 4302 Lehre
655 4264 681 4302 v.
702 4247 726 4299 d.
747 4247 794 4301 lat
814 4248 972 4304 Partikeln'
998 4252 1121 4320 (Lipsiae
1142 4252 1229 4322 1869).
1266 4250 1307 4307 Cf.

167 4336 257 4393 Trin.¹
274 4354 339 4392 ann.
359 4336 396 4390 ad
415 4355 440 4390 v.
459 4342 519 4390 362.
540 4336 613 4407 alt]
