2962 5032
224 306 290 372 498
404 322 408 327 ·
509 314 772 371 ecotnoonsnr
796 321 843 368 ns
866 320 1079 370 srmonrsvs

225 467 340 531 minis
369 466 551 551 dactylis:
583 466 638 552 qui
666 489 739 532 cum
766 466 1023 552 frequentissimi
1047 467 1113 531 sint
1135 465 1171 531 in
1195 466 1308 550 primo
1334 486 1382 531 sc

225 573 391 658 cundoque
410 574 498 658 pede,
516 578 624 639 tomen
643 596 703 638 nec
722 597 741 638 a
760 575 874 658 quinto
894 577 1058 658 sextoque,
1077 595 1114 638 ac
1132 595 1174 638 ne
1193 595 1216 637 a
1235 572 1384 638 secundo

224 681 385 763 tertioque
409 681 530 745 exclusi
553 686 637 745 sunt.
669 681 769 746 Primi
793 681 920 767 generis
944 681 1089 765 exempla
1107 680 1180 744 vide
1194 679 1289 746 Trin.
1306 680 1386 744 238.

225 788 299 852 636.
324 788 396 852 711.
421 788 495 853 854.
519 788 592 854 859.
619 788 713 852 1010.
740 787 834 853 1020.
860 788 955 852 1051.
981 787 1079 853 1129:

313 924 559 1014 Coniceracos
582 930 679 1015 petit,
704 923 758 995 dos
783 935 926 995 sectatur
934 982 1283 995 ......

314 1035 371 1101 Sat
394 1037 496 1120 sapio,
520 1037 601 1101 satis
624 1035 659 1103 in
682 1059 750 1101 rem
775 1059 856 1122 quae
880 1038 947 1102 sint
999 1089 1283 1102 .....

313 1143 483 1226 Ly'siteles,
505 1143 550 1207 ihi
575 1143 614 1208 de
637 1141 710 1207 istis
734 1145 829 1208 rebus
865 1195 1208 1209 ......
1275 1196 1282 1206 .

313 1248 403 1325 Quae
427 1249 546 1333 uoluit,
570 1250 649 1314 mihi
673 1248 768 1332 dixit,
792 1251 903 1316 docuit
933 1301 1209 1315 .....
1276 1302 1283 1313 .

313 1354 408 1421 Nunc
431 1376 492 1440 cgo
516 1357 544 1419 si
567 1360 681 1441 potero
705 1358 903 1422 ornamentis
932 1408 1282 1422 ......

314 1447 404 1528 Adde
428 1462 578 1548 gradum,
601 1462 796 1546 adproperat:
819 1463 1005 1528 iamdudum
1066 1515 1072 1527 .
1132 1515 1138 1527 .
1201 1516 1207 1527 .
1275 1515 1282 1527 .

314 1556 403 1636 lnter
426 1591 523 1634 eosne
546 1570 694 1634 homines
717 1571 901 1635 condalium
931 1621 1206 1636 .....
1275 1622 1281 1633 .

314 1678 419 1754 Quom
442 1680 584 1762 repetas,
607 1673 775 1742 inimicum
798 1678 936 1742 amicum
998 1730 1004 1742 .
1065 1729 1071 1742 .
1132 1729 1138 1742 .
1199 1728 1206 1741 .
1274 1729 1281 1743 .

313 1783 388 1850 Non
412 1783 523 1847 uideor
546 1780 703 1847 meruisse
727 1783 853 1848 laudem
864 1836 1205 1848 ......

225 1908 357 1973 alterius
381 1908 509 1993 generis
534 1911 663 1990 praeter
686 1909 751 1973 alia
773 1908 853 1973 haec
872 1931 900 1973 v.
911 1909 985 1976 391,
1002 1911 1076 1973 717.
1100 1906 1387 1990 Bacch.62[93]:

322 2086 661 2098 ......
714 2037 808 2097 cura:
832 2054 893 2118 ego
917 2037 950 2097 te
973 2035 1125 2118 opperisir
1147 2033 1255 2098 domi:

319 2189 660 2208 ......
713 2140 888 2225 Lysiteles,
912 2162 973 2226 ego
996 2144 1029 2204 te
1053 2141 1143 2206 uolo:

321 2298 660 2310 ......
713 2251 799 2311 minc
822 2267 882 2331 ego
905 2251 938 2311 te
961 2247 1067 2312 lacere
1090 2247 1153 2311 h6c
1176 2247 1267 2331 nolo,

226 2393 361 2456 quorum
393 2392 543 2435 versuum
576 2374 720 2434 extremo
752 2371 835 2435 nihil
868 2371 1068 2436 mutandum.
1114 2370 1152 2435 In
1182 2393 1250 2435 uno
1279 2393 1384 2436 versu

226 2479 432 2544 coniunctum
458 2482 630 2561 utrumque
653 2498 755 2562 genus
778 2478 880 2543 habes
905 2479 982 2543 855:

316 2603 469 2682 011611ωᾶ0
491 2604 623 2684 qrccdqae
645 2605 784 2685 apere'm:
808 2625 893 2667 nunc
917 2603 996 2667 adeo
1015 2605 1045 2666 si
1060 2603 1136 2684 qaid
1152 2622 1204 2681 epo
1221 2602 1381 2666 addidero

1079 2708 1227 2792 amplius.

227 2817 371 2883 Tertium
396 2822 504 2881 autem
528 2838 628 2902 genus
652 2840 717 2880 non
739 2817 819 2880 haec
842 2822 970 2881 tantum
994 2820 1156 2881 testantur
1179 2815 1270 2879 Trin.
1299 2817 1380 2880 620.

226 2924 344 2989 Bacch.
368 2926 410 2988 70
436 2926 542 3006 [101];

315 3030 460 3096 Nimium
484 3031 647 3095 difficilest
670 3032 803 3114 reperiri
868 3081 1275 3093 .......

315 3137 402 3202 Βέηο
426 3137 499 3200 med
523 3138 642 3222 accipis
665 3138 925 3222 aduenientem*)
935 3187 1276 3201 ......

76 3262 283 3326 cctxnnsed
311 3263 368 3326 illc
396 3284 537 3346 quoque,
570 3263 744 3344 inquibus
768 3263 836 3326 sine
860 3263 930 3325 vitii
955 3262 1132 3347 suspitione
1155 3267 1221 3325 tres
1252 3261 1379 3345 dactyli

227 3392 284 3453 per
307 3374 373 3432 tres
397 3370 438 3432 ab
462 3368 556 3434 initio
580 3368 677 3452 pedes
701 3369 939 3451 continuantur,
962 3368 1050 3433 Trin.
1073 3369 1147 3432 905.
1173 3368 1274 3432 1009:

314 3497 423 3595 Atque
447 3512 545 3575 etiam
569 3510 757 3595 Philippum
781 3517 984 3576 numeratum
1000 3561 1274 3574 .....

315 3618 365 3683 Ne
389 3620 497 3683 subito
521 3621 627 3682 metus
651 3620 816 3683 exoriatur
868 3668 1275 3682 .......

226 3743 383 3826 Reliquae
415 3747 524 3808 autem
558 3744 650 3808 sedes
684 3743 942 3827 septenariorum
971 3743 1005 3806 in
1035 3742 1207 3825 propatulo
1236 3745 1288 3804 cst
1319 3764 1379 3807 cur

226 3849 321 3914 binos
350 3849 497 3933 dactylos
526 3872 591 3915 non
619 3849 817 3914 admiserint.
864 3847 949 3913 Nam
977 3871 1049 3912 curn
1081 3871 1100 3912 a
1128 3847 1268 3931 septimo
1292 3849 1377 3931 pede

227 3956 392 4041 dactylum
421 3957 631 4020 inexorabilis
661 3957 835 4020 necessitas
867 3978 999 4039 prorsus
1032 3960 1195 4040 segreget,
1227 3955 1376 4020 ciusdem

227 4070 356 4128 constat
379 4063 479 4145 etiam
503 4064 534 4127 in
559 4068 674 4148 quarto
699 4063 778 4146 pede
804 4068 856 4127 sat
879 4063 1061 4127 modestum
1085 4085 1177 4126 usum
1198 4085 1278 4128 esse.
1309 4061 1376 4127 Sed

227 4171 274 4234 ihi
298 4171 358 4234 etsi
384 4171 477 4234 licuit
500 4176 609 4234 tamen
634 4192 707 4233 eum
730 4169 827 4234 certis
851 4169 1094 4234 condicionibus
1118 4169 1272 4234 trochaeo
1296 4170 1375 4233 sub·

228 4277 376 4340 stituere:
401 4282 436 4341 at
458 4278 548 4342 nulla
572 4276 761 4341 condicione
786 4277 855 4340 eius
879 4276 925 4339 rei
950 4277 1158 4340 insolentiam
1183 4277 1275 4340 licuit
1298 4299 1375 4341 coa-

314 4437 323 4497 )
343 4397 489 4503 [Be'neme
510 4435 638 4502 occepisti
656 4434 873 4488 ddaenimtem..
899 4432 1000 4502 (lpusc.
1020 4433 1087 4503 phil.
1108 4433 1133 4487 II
1152 4452 1178 4502 p.
1199 4435 1272 4500 306]
