2962 5032
552 337 788 385 arramrscna
812 337 939 385 annau.
1250 320 1314 385 659

169 501 283 545 snmus
306 478 390 545 tanti
410 479 472 543 viri
492 501 511 543 a
530 502 692 565 quoquam
713 481 789 545 dum
808 481 903 565 plene
922 480 1121 564 perscriptus
1141 480 1193 557 sit,
1218 483 1316 563 atque

168 587 249 652 olim
272 587 401 651 demum
423 609 489 652 non
513 589 582 653 sine
611 589 782 653 miratione
810 588 930 672 patria,
958 609 1040 671 quae
1068 592 1102 651 et
1130 586 1239 672 qualia
1266 586 1314 650 illi

168 694 297 777 debeat,
319 695 364 758 sit
387 695 563 779 cognitura
606 695 633 760 E
658 696 775 780 quibus
799 696 949 760 omnibus
972 694 1033 760 hoo
1056 715 1126 758 esse
1149 697 1314 758 consecta-

167 801 254 865 rium
286 801 448 885 volumus,
485 805 522 865 ut
552 823 637 867 nunc
669 801 791 866 omissa
823 801 955 886 publica
985 801 1055 866 vita
1086 802 1120 865 in
1152 822 1190 864 ea
1222 803 1314 884 parte

167 904 446 972 Humboldtianae
474 908 604 974 virtutis
633 909 898 974 commorandum
926 931 995 974 esse
1027 908 1244 992 intellegatis,
1276 907 1315 971 de

167 1035 232 1097 qua
247 1013 344 1099 longe
358 1013 615 1099 locupletissima
634 1015 825 1081 testimonia
843 1016 913 1100 ipse
928 1015 1120 1100 prodiderit:
1144 1036 1226 1099 quae
1246 1013 1313 1098 qui·

166 1120 240 1184 dem
264 1121 384 1185 artium
407 1122 654 1207 litterarumque
677 1123 792 1188 studiis
815 1123 1107 1209 comprehenditur.
1148 1121 1181 1186 Is
1205 1124 1314 1185 autem

166 1228 259 1293 locus
279 1249 351 1293 curn
370 1233 404 1292 et
421 1230 554 1314 propius
574 1252 671 1315 quam
695 1229 793 1294 ceteri
817 1251 929 1294 omnes
953 1229 993 1294 ad
1015 1231 1145 1293 nostras
1168 1228 1313 1310 ipsorum

167 1335 314 1400 rationes
339 1337 472 1401 accedat
499 1358 557 1401 nec
582 1359 733 1421 superare
756 1359 864 1402 meum
888 1335 1027 1401 oratoris
1050 1338 1183 1418 captum
1206 1333 1314 1398 videa-

165 1445 233 1524 tur,
262 1446 333 1506 tum
355 1441 404 1506 ita
433 1447 638 1527 comparatus
666 1449 729 1528 est,
757 1447 793 1509 nt
819 1465 879 1509 neo
902 1465 960 1528 per
983 1464 1017 1507 se
1041 1464 1060 1506 a
1082 1441 1216 1525 reliquis
1240 1463 1313 1524 par-

165 1549 256 1614 tibus
284 1548 433 1632 publicae
461 1551 669 1634 privataeque
695 1550 864 1616 hominurn
893 1551 980 1615 vitae
1009 1548 1173 1614 seiunctus
1196 1548 1253 1630 sit,
1282 1550 1315 1611 et

165 1677 244 1722 vero
271 1655 306 1720 in
332 1659 445 1721 tantae
475 1658 708 1743 magnitudinis
737 1660 806 1723 viro
835 1680 907 1723 oum
930 1656 996 1721 illis
1020 1655 1118 1740 longe
1142 1653 1313 1737 aptissimo

166 1762 413 1828 necessitudinis
441 1762 569 1829 vinculo
598 1767 812 1831 contineatur.
862 1762 940 1828 Fuit
966 1763 1051 1827 enim
1079 1762 1147 1840 ille,
1179 1761 1206 1825 si
1241 1760 1314 1845 quis

167 1869 266 1949 alius,
294 1891 333 1933 ex
361 1869 402 1933 iis
430 1871 639 1955 mortalibus,
668 1893 803 1957 quorum
831 1870 956 1935 indoles
985 1891 1049 1933 non
1078 1890 1117 1932 ex
1145 1865 1314 1931 elementis

168 1976 363 2062 quibusdam
387 1980 554 2061 tamquam
572 2000 669 2063 opere
688 1978 897 2043 vermiculato
917 1976 1100 2061 composita
1118 1978 1169 2040 est
1188 1977 1222 2038 et
1240 1995 1314 2039 con·

166 2083 342 2168 glutinata,
370 2083 426 2148 sed
454 2106 493 2149 ea
520 2085 695 2150 indisereta
721 2085 854 2150 habens·
876 2086 910 2149 in
940 2083 1097 2167 simplicis
1128 2081 1314 2165 solidaeque

166 2193 304 2254 naturas
327 2191 466 2274 speciem
490 2193 663 2257 concrevit.
709 2192 779 2268 Quo
807 2192 945 2274 accedit,
972 2189 1058 2274 quod
1086 2188 1221 2253 eandem
1250 2187 1314 2271 ille,

166 2317 265 2380 quam
297 2296 331 2360 in
363 2294 503 2363 Goethio
537 2302 649 2364 nostro
685 2299 898 2382 admiramur,
934 2298 1020 2361 vitae
1052 2295 1213 2360 rationem
1246 2298 1313 2358 stu·

167 2400 358 2487 diorumque
388 2404 558 2469 consilium
594 2409 721 2470 secutus
752 2427 772 2470 a
802 2408 905 2469 semet
935 2403 1100 2488 fingendo,
1132 2399 1314 2483 excolendo,

165 2508 376 2592 perpoliendo
396 2533 654 2596 unumquemque
674 2513 790 2577 debere
809 2511 896 2576 vitae
915 2508 1165 2575 conformandus
1183 2505 1313 2570 initium

166 2635 282 2698 capere
311 2616 372 2682 sibi
400 2622 618 2702 persuaserat,
646 2640 782 2703 eumque
810 2619 918 2701 ipsum
945 2617 1044 2680 finem
1071 2635 1142 2678 esse
1165 2612 1313 2696 proposi·

166 2725 237 2786 tum
260 2723 398 2807 singulis
421 2724 614 2789 mortalibus
639 2725 815 2790 statuebat:
839 2725 960 2808 quippe
983 2722 1058 2787 hinc
1076 2721 1221 2784 futurum
1241 2741 1312 2784 esse

166 2829 260 2893 utin
283 2830 453 2895 commoda
475 2831 643 2896 societatis
667 2831 829 2895 humanae
856 2828 1062 2911 civitatisque
1091 2827 1232 2891 salutem
1255 2847 1311 2909 op·

166 2935 239 3000 timi
271 2936 396 3002 fructus
429 2959 487 3002 sua
520 2943 635 3021 sponte
668 2937 893 3002 redundarent.
943 2935 1052 3020 Atque
1079 2933 1141 2998 hac
1169 2934 1223 2998 ille
1252 2934 1313 3017 via,

166 3063 264 3126 quam
286 3064 361 3108 rara
383 3046 568 3110 constantia
586 3045 700 3129 tenuit,
723 3067 781 3129 per
799 3044 985 3108 universam
1004 3041 1106 3106 vitam
1126 3040 1313 3105 adsumme

168 3153 201 3213 et
228 3150 395 3234 praeclara
422 3172 567 3235 quaeque
594 3151 789 3218 contendens
811 3152 845 3217 id
868 3155 918 3216 est
940 3153 1147 3231 consecutus,
1174 3151 1212 3212 ut
1239 3168 1311 3212 cum

167 3256 359 3322 eruditionis
391 3258 505 3323 decore
537 3259 726 3343 prudentiae
758 3259 862 3324 civilis
895 3258 988 3323 laude
1020 3255 1206 3321 felicissime
1238 3276 1312 3319 con·

166 3366 279 3429 iuncta
310 3364 542 3448 propemodum
574 3369 742 3450 exemptus
773 3366 873 3429 fuisse
906 3386 923 3429 e
956 3362 1119 3429 communi
1151 3361 1313 3426 humanae

166 3475 305 3536 naturae
328 3471 550 3536 imbecillitate
574 3473 736 3556 videatur,
759 3474 879 3557 quippe
902 3493 985 3555 quae
1009 3468 1152 3553 disparia
1175 3467 1313 3532 consilia

167 3578 237 3661 pari
261 3578 352 3663 iungi
376 3600 525 3643 successu
552 3602 627 3644 raro
658 3601 754 3663 passa
778 3578 829 3642 sit.
874 3578 967 3643 Illius
991 3581 1097 3643 autem
1122 3574 1312 3639 eruditionis

167 3688 290 3768 quanta
321 3685 371 3749 vis
404 3689 438 3750 et
468 3686 599 3749 ubertas
631 3685 742 3762 fuerit,
777 3687 934 3768 quantum
969 3685 1080 3748 lumen
1113 3685 1146 3745 et
1178 3702 1312 3746 acumen

167 3790 201 3855 in
229 3791 466 3858 diversissimas
495 3796 602 3875 partes
631 3813 737 3855 rerum
767 3790 981 3856 humanarum
1006 3789 1164 3854 latissime
1188 3791 1312 3873 patens,

168 3903 291 3981 quanta
318 3920 371 3962 ars
399 3903 433 3962 et
460 3899 634 3983 elegantia:
666 3897 745 3963 haec
774 3898 802 3962 si
831 3897 980 3982 persequi
1009 3896 1200 3981 explicatius
1227 3917 1311 3958 nunc

167 4005 354 4090 aggrediar,
383 4005 555 4070 verendum
588 4006 631 4070 sit
664 4005 823 4089 profecto,
855 4026 896 4069 ne
925 4003 1056 4070 edocere
1086 4001 1170 4068 velle
1200 4001 1311 4066 doctos

165 4111 285 4176 videar.
341 4110 419 4189 Quis
452 4116 502 4175 est
533 4113 619 4176 enim
652 4113 694 4177 ab
727 4112 929 4177 humanitate
962 4132 1027 4175 non
1064 4132 1196 4193 prorsus
1234 4109 1310 4173 alie·
1328 4131 1387 4173 v111

166 4239 238 4303 nus,
260 4219 349 4304 quin,
373 4220 567 4304 simulatque
589 4217 820 4285 vasoan'rn
842 4240 962 4283 nomen
985 4219 1019 4282 in
1038 4239 1132 4283 aures
1156 4217 1313 4302 inciderit,

166 4324 243 4391 ilico
272 4325 311 4391 de
339 4326 484 4411 perfecto
513 4327 727 4412 omnibusque
757 4325 901 4391 numeris
924 4324 1074 4390 absoluto
1098 4325 1312 4409 grammatico

166 4431 304 4517 cogitet,
333 4435 446 4519 quales
474 4436 543 4499 tam
572 4452 695 4519 paucos
723 4437 815 4500 aas
843 4431 988 4499 humana
1017 4430 1112 4517 vidit,
1142 4437 1179 4498 nt
1208 4453 1246 4498 eo
1276 4432 1312 4496 in

374 4584 377 4591 .
1043 4535 1100 4591 θ’
