2962 5032
207 285 271 350 638
584 296 821 347 usrarurscna
844 296 974 346 nanum

211 466 338 528 quoque
371 447 463 527 parte
496 441 559 506 sibi
591 442 740 506 satisfiat.
794 438 917 515 Quodsi
953 439 1064 523 dispar
1096 438 1240 504 aliarum
1275 437 1357 503 ratio

205 550 448 635 disciplinarum
471 552 534 612 est:
559 551 592 612 et
616 552 666 613 est
689 569 767 612 sane
791 569 857 611 una
880 547 1062 630 praecipue,
1085 567 1188 630 equa
1207 547 1268 630 qui
1286 567 1357 630 pro

205 656 305 721 deunt
329 656 456 740 saepius
480 679 576 741 quam
601 655 699 720 velles
723 654 764 719 ab
788 655 869 718 artis
893 675 1001 718 amore
1026 652 1211 717 seiunctum
1235 652 1359 718 habeut

206 763 295 827 vitae
318 784 428 826 usum:
451 762 623 826 dolendum
646 761 731 825 istud
751 760 879 845 quidem
899 762 962 842 est3
985 781 1047 824 nos
1065 763 1188 844 autem,
1210 760 1272 844 qui
1290 759 1357 845 phi·

207 870 350 954 lologiae
379 891 496 934 nornen
525 867 683 946 dedimus,
711 867 974 952 congratulemur
997 864 1093 930 nobis
1116 866 1293 932 artissimo
1315 866 1360 931 vi·

206 981 259 1041 tae
283 981 316 1041 et
339 977 420 1040 artis
445 974 573 1039 vinculo
598 974 769 1038 coniuncta
792 972 915 1055 studia,
942 993 1002 1036 nec
1031 973 1229 1038 divellamus
1255 996 1278 1038 a
1300 973 1360 1039 lin·

206 1105 343 1169 guarum
363 1082 558 1147 tractatione
578 1082 719 1164 reliquae
739 1078 946 1163 antiquitatis
968 1079 1265 1164 investigationem
1285 1080 1361 1145 lieet

208 1214 227 1255 a
257 1189 439 1254 scholarum
470 1187 701 1252 consuetudine
731 1187 798 1250 fere
830 1186 985 1272 alienam,
1017 1187 1087 1252 sine
1116 1210 1184 1273 qua
1214 1224 1257 1235 —
1290 1209 1361 1251 mea

207 1295 337 1382 quidem
369 1294 595 1379 qualicumque
627 1293 778 1378 opinione
812 1330 854 1342 -
887 1293 967 1359 artis
1000 1295 1180 1360 necessitas
1214 1294 1359 1361 hebetur

210 1404 310 1468 nulla

295 1507 382 1590 Dixi,
405 1508 433 1572 si
455 1508 540 1573 forte
564 1507 670 1571 minus
693 1530 752 1593 pro
777 1508 1014 1592 exspectatione
1038 1512 1157 1592 vestra,
1181 1512 1300 1573 tamen
1323 1512 1358 1574 ut

207 1616 313 1705 potui,
344 1614 428 1700 quod
453 1614 546 1679 sensi.
593 1612 663 1690 Quo
686 1613 793 1698 magis
816 1614 934 1698 laetor,
960 1615 1060 1681 etiam
1088 1615 1136 1699 id,
1165 1615 1259 1700 quod
1283 1614 1356 1679 reli·

209 1744 308 1804 quum
342 1724 405 1803 est,
437 1741 475 1783 er
506 1719 606 1783 animi
633 1719 797 1786 sententia
826 1743 846 1785 a
875 1742 927 1784 me
958 1743 1055 1804 posse
1086 1720 1160 1788 dici.
1207 1721 1357 1787 Pertinet

209 1831 318 1891 autem
341 1827 401 1891 hoe
425 1847 499 1890 eum
523 1825 562 1891 ad
586 1826 739 1911 reliquos,
763 1849 901 1910 quorum
923 1827 1065 1913 benigna
1082 1829 1276 1912 praesentia
1295 1851 1360 1893 arn-

209 1933 390 2016 plissimam
417 1933 503 1997 hanc
530 1954 681 1997 coronam
710 1934 957 1999 condecoratam
986 1934 1093 2018 video,
1124 1939 1197 1999 turn
1226 1935 1271 2000 ad
1296 1957 1362 2016 ros,

210 2040 354 2124 collegae
373 2040 656 2124 praestantissimi,
675 2041 866 2123 quibuscum
885 2041 1069 2126 gravissimi
1087 2042 1236 2106 muneris
1257 2042 1359 2107 socie

210 2151 279 2210 tate
303 2145 536 2231 Augustissimi
559 2146 659 2233 Regis
687 2148 858 2212 clementia
883 2148 1270 2233 sapientissimorumque
1293 2148 1361 2212 eius

211 2253 436 2317 ministrorum
460 2255 635 2319 auctoritas
659 2275 710 2318 me
734 2254 941 2319 coniunctum
961 2255 1072 2318 voluit
1105 2253 1256 2331 Quorum
1281 2254 1360 2319 mibi

211 2383 283 2424 cum
307 2360 436 2444 publiea
458 2361 566 2445 gratia
589 2366 622 2425 et
645 2360 897 2443 commendatio,
925 2364 995 2424 tum
1023 2362 1187 2445 privatum
1210 2361 1356 2427 studium

212 2489 249 2531 ac
273 2468 422 2532 voluntas
451 2472 518 2531 tem
547 2468 709 2531 cumulate
733 2468 951 2553 contigerunt,
985 2467 1067 2531 nilril
1091 2473 1128 2532 ut
1152 2468 1203 2532 vel
1229 2469 1271 2532 ad
1296 2470 1359 2553 pie-

211 2575 290 2638 tatis
315 2574 457 2639 officium
482 2574 635 2656 sanctius,
658 2574 709 2638 vel
735 2572 774 2637 ad
794 2575 893 2639 animi
918 2575 1069 2639 allectum
1095 2574 1266 2659 antiquius
1290 2597 1357 2659 gra·

212 2683 267 2744 tiis
295 2681 428 2765 agendis
460 2680 579 2744 habere
612 2702 663 2743 me
691 2703 786 2762 posse
820 2681 971 2763 arbitrer,
1004 2704 1108 2764 neque
1142 2682 1228 2764 quod
1266 2705 1355 2765 erop-

212 2794 277 2851 tem
306 2788 441 2851 lrabearu
470 2790 597 2869 praetor
624 2787 766 2849 eiusdem
795 2789 1074 2852 conservationem
1103 2788 1356 2852 benevolentiae.

212 2894 326 2958 Valet-e
351 2896 451 2977 igitur
474 2899 506 2958 et
530 2894 644 2957 favete.
691 2893 774 2957 Dixi.

771 3269 800 3332 3.

214 3410 403 3475 [raudatio
427 3408 504 3474 Lib.
529 3409 695 3475 Baronis
716 3408 845 3475 Caroli
870 3412 912 3474 de
933 3410 1040 3474 Stein
1065 3409 1111 3474 ab
1134 3411 1353 3476 Altenstein

618 3539 738 3602 nuper
762 3517 951 3602 mortui.*)

163 3702 200 3741 Π,
304 3661 425 3725 Recens
455 3666 504 3724 cst
531 3661 566 3724 iu
596 3661 740 3725 omnium
771 3662 886 3724 animis
917 3660 972 3724 ille
1003 3682 1066 3723 non
1096 3659 1227 3724 fucatus
1259 3661 1353 3739 dolor,

215 3791 278 3853 quo
302 3770 412 3852 paucis
436 3768 552 3832 abhinc
575 3768 740 3832 mensibus
760 3790 780 3830 a
798 3767 882 3832 bono
902 3789 1027 3852 quoque
1047 3767 1259 3831 tristissimus
1278 3790 1352 3831 nun·

285 3963 310 4032 *)
335 3963 484 4032 [Impressa
503 3964 546 4015 est
564 3962 633 4015 hacc
652 3960 742 4014 oratio
761 3959 789 4013 in
809 3963 1016 4029 programmate
1036 3959 1199 4015 academico
1219 3960 1354 4015 Bonnensi

216 4071 240 4108 a.
262 4058 329 4105 1840
354 4050 394 4104 sic
418 4050 563 4119 inscripto:
598 4049 768 4107 {Immortali
796 4048 945 4101 memoriae
963 4048 1035 4118 lviri
1055 4048 1247 4117 perillustris!
1265 4047 1354 4103 Liberi

218 4139 331 4194 Batonis
348 4143 352 4208 1
369 4140 461 4192 Caroli
481 4139 514 4191 de
535 4138 613 4191 Steiu
637 4138 673 4191 ab
693 4137 850 4190 Altenstcin
868 4137 915 4202 lin
935 4153 1022 4203 regno
1041 4136 1192 4192 Bonissieo
1212 4134 1356 4191 rerum'ad

215 4229 359 4298 religionis
378 4227 733 4296 cult11111‚1instir11ti0nem
753 4226 892 4294 publicam
913 4227 942 4278 et
960 4228 1048 4277 artem
1065 4227 1201 4280 medicam
1218 4227 1357 4296 pertinen·

215 4318 285 4370 tium
307 4320 311 4385 Ι
332 4335 381 4385 per
406 4317 492 4369 xxm
520 4332 653 4369 annorum
679 4315 798 4382 spatium
823 4313 924 4367 summi
948 4313 1084 4381 praesidis
1101 4317 1104 4380 Ι
1121 4331 1154 4368 aa
1173 4315 1358 4371 moderatoris

217 4405 413 4473 liberalissimi,
434 4404 632 4474 sapientissimi
649 4408 653 4472 Ι
669 4405 742 4473 grati
767 4403 852 4457 {inimi
872 4404 1081 4456 monumentum
1099 4405 1105 4474 l
1120 4406 1151 4458 ct
1168 4404 1359 4463 venerationis
