2962 5032
489 352 754 401 unasnsmonrs
777 349 987 400 88888888.
1251 333 1340 398 509·

169 503 286 585 suapte
309 504 425 565 natura
449 499 605 584 ambigua
624 503 714 563 sunt:
737 497 827 562 velut
845 498 960 563 eodem
979 499 1049 562 iure
1068 519 1141 562 eum
1161 495 1315 560 subiectis

170 609 280 673 verbis
304 613 401 692 atque
424 628 497 672 cum
521 605 708 690 praemissis
732 610 776 669 est
798 607 831 669 et
852 606 903 668 uis
921 605 1053 669 voculas
1073 602 1213 668 sociabis
1227 602 1315 666 Trin.

170 737 198 779 v.
225 716 275 779 18.
301 717 383 779 744:

259 855 344 921 Huic
368 860 483 942 graece
507 877 624 922 nomen
648 859 698 921 est
722 855 911 921 Thensauro
936 854 1074 918 fabulae.

260 963 354 1030 Nunc
377 965 406 1028 si
430 964 569 1047 6pperiri
595 961 645 1028 818
669 963 842 1029 aduentum
867 959 1061 1026 Charmidis.

173 1108 221 1172 Ad
245 1107 387 1191 aliquam
412 1106 698 1189 semiseptenariae
721 1104 967 1170 similitudinem
992 1104 1163 1168 verborum
1187 1102 1315 1166 ordines

173 1214 344 1297 accedunt,
376 1214 432 1277 ubi
465 1213 726 1298 monosyllabum
759 1235 870 1278 vocem
904 1212 968 1275 alia
998 1232 1059 1275 vox
1090 1211 1314 1295 monosyllaba

173 1321 305 1405 excipit,
328 1325 365 1384 ut
387 1344 415 1384 v.
442 1322 513 1385 117.
541 1322 615 1385 144:

262 1463 324 1540 Qui
349 1460 427 1530 tilae
451 1463 622 1528 mandatus
645 1462 696 1525 est
720 1461 781 1525 lide
805 1467 838 1526 et
861 1463 1013 1528 fiduciae:

261 1571 308 1636 Vt
331 1571 410 1635 mibi
434 1592 563 1635 necesse
587 1567 631 1634 sit
654 1570 719 1634 iam
743 1570 774 1634 id
798 1570 860 1634 tibi
884 1570 1088 1636 concredere:
1315 1590 1461 1632 cccxxxv

166 1737 237 1799 quo
261 1714 376 1779 referri
400 1714 498 1778 etiam
522 1737 550 1778 v.
574 1715 636 1777 471
663 1718 785 1797 potest:

263 1855 298 1921 Si
322 1855 374 1921 illi
395 1861 569 1941 congestae
592 1854 660 1922 8181
684 1856 798 1939 epulae
822 1880 842 1921 a
864 1856 1056 1921 clue'ntibus.

165 2000 237 2065 Sed
271 1999 453 2064 inevitabili
491 1998 742 2063 constructionis
779 1998 973 2063 necessitate
1009 2018 1081 2061 cum
1119 1998 1317 2083 praegressis

165 2108 400 2192 monosyllaba
433 2105 591 2170 voeabula
622 2105 731 2169 vincta
763 2109 840 2170 sunt
871 2127 898 2167 v.
932 2105 985 2169 56.
1020 2105 1095 2168 393.
1132 2105 1206 2168 417.
1244 2106 1317 2170 470.

167 2213 249 2278 733.
275 2214 353 2277 734:

265 2318 359 2385 Viuit
381 2320 570 2404 uicturaque
594 2321 651 2384 est
689 2318 778 2384 Bene
801 2317 909 2382 hercle
931 2314 1074 2383 ndntias.

264 2426 386 2490 Verdm
411 2426 546 2491 meliora
569 2429 646 2489 sunt
670 2447 766 2510 quam
790 2447 873 2509 quae
896 2425 1092 2489 deterruma.

265 2531 442 2615 Postquam
466 2533 605 2598 comedit
627 2534 709 2616 rem,
732 2536 808 2616 post
829 2533 988 2597 rationem
1011 2536 1114 2615 putat.

265 2639 425 2725 Adpdsita
448 2662 528 2705 cena
551 2638 608 2724 sit,
631 2639 823 2724 popularem
846 2642 943 2725 quam
966 2644 1092 2704 uocant.

266 2744 342 2811 Sine
364 2747 454 2831 dote,
478 2767 576 2831 quom
599 2747 669 2811 eius
693 2749 760 2810 rem
784 2768 882 2829 penes
906 2768 957 2810 me
979 2746 1120 2812 habeam
1143 2746 1240 2811 domi.

269 2855 389 2921 Parata
411 2855 470 2920 dos
493 2854 580 2919 domi
605 2857 667 2920 est:
691 2854 753 2918 nisi
777 2856 963 2937 exspectare
986 2854 1045 2918 uis.

180 2998 272 3063 Addo
296 2998 413 3064 Bacch.
436 2999 510 3064 841.
537 2999 621 3063 1006
647 2998 734 3077 [880.
761 2997 877 3076 1045];

268 3139 362 3205 Salus
386 3141 525 3205 seruasti
549 3141 607 3204 me.
645 3162 741 3223 quam
766 3161 841 3203 mox
865 3138 937 3203 dico
960 3137 1067 3202 dabo?

267 3245 301 3311 Si
325 3248 399 3332 plus
423 3248 624 3332 perdundum
648 3245 705 3330 sit,
727 3247 851 3330 perisse
874 3246 1030 3311 sua'uiust.

182 3389 272 3455 Hane
302 3390 403 3474 igitur
432 3390 498 3453 sive
532 3394 659 3474 gratam
691 3391 757 3454 sive
788 3388 894 3453 minus
925 3395 1053 3472 gratam
1082 3390 1322 3475 neglegentiam

181 3496 347 3562 fatendum
375 3501 426 3560 est
454 3498 592 3580 speciem
621 3497 730 3581 potius
758 3495 920 3580 quandam
948 3497 1085 3560 rationis
1109 3518 1205 3580 qnam
1235 3496 1323 3560 loeu-

181 3605 300 3687 pletem
323 3604 481 3667 rationem
507 3604 612 3687 sequi:
635 3604 708 3687 plus
733 3602 817 3667 enim
841 3602 874 3665 in
899 3600 950 3664 his
975 3602 1173 3685 syllabarum
1198 3601 1323 3666 vocula·

182 3733 291 3775 rumve
315 3710 501 3775 articulatio
525 3711 627 3773 valuit
654 3709 834 3773 sententiae
857 3708 986 3772 vinculo
1011 3710 1200 3791 soluturum,
1224 3730 1321 3792 quam

183 3819 214 3882 18
247 3817 392 3882 subiecta
424 3817 485 3881 sibi
519 3816 618 3881 verba
650 3816 818 3880 dominans
851 3819 998 3898 potestas
1031 3816 1218 3880 sententiae.
1274 3812 1322 3877 De

181 3946 243 4007 quo
270 3924 351 3988 satis
379 3927 465 3987 88818
493 3923 654 3986 Beckerus
683 3922 784 3986 sensit
811 3922 942 3998 Quaest.
970 3920 1008 3983 de
1037 3941 1116 3985 com.
1140 3920 1233 3986 Rom.
1256 3920 1322 3983 fab.

182 4053 211 4114 p.
241 4031 311 4094 105.

270 4134 352 4201 Cum
379 4159 531 4202 caesurae
559 4140 667 4200 autern
696 4136 875 4199 rationibus
904 4133 1174 4218 quemadmodum
1197 4134 1231 4199 in
1254 4157 1324 4219 sep·

182 4245 314 4308 tenariia
343 4244 464 4327 dactyli
495 4244 528 4306 in
552 4247 669 4327 quarto
693 4242 786 4326 pede,
818 4243 866 4305 ita
894 4242 926 4306 in
957 4241 1092 4305 senariis
1120 4242 1323 4324 anapaesti

183 4350 216 4414 18
246 4351 369 4415 188118
397 4372 475 4413 8888
504 4349 785 4413 8881888118818888
814 4352 876 4432 est,
904 4349 944 4412 ad
969 4370 1064 4432 quem
1088 4371 1172 4412 nune
1195 4348 1324 4412 demum

180 4459 352 4522 revertitur
371 4459 483 4521 oratio.
512 4455 651 4520 Rursum
677 4460 784 4519 autem
807 4455 1076 4539 quemadmodum
1101 4478 1121 4518 a
1143 4455 1323 4538 septenarii
