2962 5032
165 302 228 366 708
390 318 624 367 aaranvrscna
646 305 867 384 aasentias,
891 314 1085 384 saansaan,
1171 323 1176 335 ·

711 497 760 560 10.

165 638 649 704 Gratulationsschreiben
672 638 738 703 der
756 638 1107 723 philosophischen
1125 635 1264 702 Faculttt-

164 769 206 810 zu
235 734 343 810 Bonn
371 767 417 808 an
445 743 647 810 Friedrich
676 744 863 810 Thiersch
896 768 939 810 zu
972 744 1110 810 dessen
1134 741 1264 824 funlaig-

249 851 445 936 jiibrigem
468 850 810 935 Doctorjubilitum
835 874 893 916 am
919 852 969 916 18.
992 849 1086 916 Juni
1111 847 1217 932 1858.*)

235 993 508 1076 Philosophorum
527 992 614 1058 Ordo
632 994 643 1077 ll
660 993 889 1058 Vniversitatis
904 993 1100 1058 Friderioiae
1115 988 1266 1056 Guilelmiae

164 1102 340 1166 Rhenanae
356 1099 368 1183 ΙΙ
386 1098 520 1164 S·P·D
538 1100 549 1184 ΙΙ
565 1099 729 1165 Friderico
749 1099 939 1165 Thierschio
956 1099 968 1183 ΙΙ
984 1099 1055 1164 viro
1075 1095 1266 1164 inlustrissimo

166 1209 247 1273 bene
271 1207 518 1273 merentissimo.

254 1314 351 1380 Vitae
374 1314 470 1378 Tvna
494 1318 527 1378 et
550 1314 695 1399 ingenita
719 1314 840 1379 virtute
864 1316 897 1378 et
919 1313 1030 1378 debito
1054 1312 1172 1378 honore
1192 1330 1266 1374 cunu-

165 1423 251 1488 latae
274 1422 332 1486 ubi
354 1421 650 1505 auspicatissimum
673 1421 758 1485 diem
777 1420 870 1485 illum
889 1420 1012 1485 instare
1032 1420 1209 1503 accepimus,
1225 1433 1269 1500 qno

166 1533 239 1594 ante
263 1529 343 1593 haec
366 1529 473 1592 decem
497 1528 601 1591 lustra
624 1548 663 1591 ea
686 1526 845 1612 dignitate
869 1531 982 1592 auctus
1007 1547 1041 1590 es
1065 1548 1129 1610 qua
1150 1540 1270 1608 negamus

87 1648 89 1653 '
167 1635 331 1700 exstitisse
355 1633 404 1697 Ta
428 1633 620 1717 digniorem,
652 1655 717 1697 non
740 1633 906 1716 potuimus
930 1654 996 1696 non
1020 1633 1122 1697 animi
1144 1636 1175 1695 et
1194 1626 1271 1694 laetis·

166 1741 240 1806 simi
273 1744 307 1805 et
339 1720 518 1826 gratissimi
551 1739 698 1804 sensibus
732 1740 875 1825 graviter
911 1740 1119 1804 commoveri.
1170 1737 1273 1802 Praesto
1347 1798 1349 1815 Ι

46 1848 50 1858 “
167 1848 252 1913 enim
280 1869 350 1912 esse
380 1848 537 1911 memoria
559 1869 651 1911 rarae
675 1845 841 1911 doctrinae
865 1851 962 1930 atque
986 1845 1174 1930 sagacitatis
1196 1843 1279 1916 Tvlt,

166 1976 230 2038 qua
262 1977 334 2019 cum
368 1957 517 2018 aeternos
550 1957 754 2027 aeternorum
784 1957 952 2037 poetarum
982 1951 1092 2018 fontes
1123 1958 1154 2017 et
1183 1951 1289 2017 curiose

167 2060 345 2126 enarrando
378 2066 411 2126 et
443 2061 579 2126 facunde
612 2061 770 2126 imitando
803 2059 988 2125 felicissime
1021 2060 1199 2142 reclusisti,
1229 2063 1301 2122 tun)

166 2169 245 2232 artis
268 2168 365 2253 longe
389 2167 689 2251 praestantissimae
710 2166 949 2233 vicissitudines
969 2166 1127 2252 singulari
1146 2167 1214 2232 luce
1230 2172 1319 2230 con‘

165 2273 321 2356 lustrasti,
345 2278 414 2338 tum
437 2275 669 2360 grammaticae
694 2274 884 2358 disciplinae
908 2278 940 2338 et
962 2296 1049 2339 nova
1072 2278 1106 2339 et
1128 2278 1215 2339 certa
1234 2272 1328 2336 funs

165 2382 317 2446 damenta
331 2380 448 2444 iecisti:
490 2385 621 2464 praesto
638 2403 707 2445 esse
726 2379 923 2444 nobilissimi
942 2379 1082 2445 fervoris
1101 2380 1190 2444 illius
1209 2382 1337 2444 recors

167 2488 269 2571 datio,
301 2509 364 2572 quo
392 2509 459 2550 non
483 2491 627 2552 veterum
656 2491 784 2551 tantum
809 2485 1008 2551 Graecorum
1031 2486 1166 2572 ingenia
1189 2486 1239 2570 pie
1258 2485 1299 2549 lu·

166 2597 373 2677 culenterque
396 2593 539 2677 colendo,
563 2594 618 2658 sed
642 2598 848 2677 posterorum
871 2614 997 2677 quoque
1022 2615 1041 2656 a
1060 2593 1303 2677 generosissima

167 2703 268 2786 stirpe
292 2705 527 2785 prognatorum
550 2700 645 2763 rebus
670 2699 877 2764 sublevandis
897 2701 993 2783 atque
1013 2698 1235 2763 instaurandis
1254 2721 1305 2782 pu·

167 2808 315 2891 blicaque
340 2787 445 2872 sarua
469 2806 589 2872 tuenda
613 2828 649 2870 aa
673 2806 868 2871 stabilienda
891 2805 1141 2870 ΦιΛεΛΛΗΝο(
1168 2810 1201 2869 a
1224 2807 1308 2871 sees

168 2937 239 2978 rum
263 2935 381 2978 nomen
405 2917 438 2978 et
460 2914 588 2978 laudem
616 2913 828 2977 iustissimam
856 2913 1021 2976 invenisti:
1082 2918 1214 2995 praesto
1244 2935 1309 2977 esse

167 3021 325 3104 cogitatio
349 3022 593 3086 contentionum
617 3020 932 3102 honestissimarum,
957 3019 1074 3103 quibus
1095 3041 1169 3083 cum
1190 3020 1308 3084 schola·

168 3128 268 3191 sticae
307 3127 522 3192 institutionis
560 3128 727 3192 universae
765 3127 966 3208 emendator,
1004 3130 1073 3190 tum
1111 3127 1306 3209 optimorum

168 3233 348 3297 studiorum
363 3232 445 3298 Tvrs
465 3236 498 3298 in
517 3235 612 3298 terris
632 3238 664 3298 et
688 3236 836 3299 conditor
859 3239 892 3298 et
914 3237 1021 3297 custos
1046 3236 1137 3297 tanto
1164 3255 1310 3297 successu

168 3340 338 3424 exstitisti,
367 3346 403 3404 ut
431 3363 524 3405 suum
547 3341 595 3404 TE
621 3346 862 3424 praeceptorem
893 3362 959 3405 non
983 3339 1216 3424 discipulorum
1241 3346 1309 3404 tan·

168 3452 238 3511 tum
262 3447 460 3531 frequentia,
489 3448 544 3512 sed
573 3450 645 3531 ipsa
669 3450 808 3513 Bavaria
832 3449 872 3512 ad
896 3448 1133 3512 humanitatem
1160 3447 1236 3513 Tvo
1262 3449 1310 3512 be

167 3555 281 3619 rreficio
311 3556 485 3619 informata
514 3555 581 3618 iure
611 3556 789 3639 meritoque
819 3554 976 3638 suspiciat
1004 3560 1101 3637 atque
1126 3560 1311 3619 veneretur:

212 3665 342 3744 praesto
367 3683 436 3725 esse
460 3661 667 3726 sanctissima
690 3662 796 3746 imago
817 3660 878 3724 viri
897 3661 974 3724 boni
999 3663 1033 3724 et
1055 3660 1161 3743 fortis,
1187 3661 1260 3724 fidei
1283 3666 1312 3723 et

168 3768 347 3852 religionis,
379 3768 524 3832 veritatis
558 3771 654 3850 atque
685 3767 847 3831 libertatis
877 3767 911 3831 in
941 3766 1055 3850 quovis
1088 3787 1209 3851 genere
1241 3790 1309 3832 cum

169 3898 224 3940 ore
252 3880 321 3939 tum
351 3875 497 3959 exemplo
526 3875 662 3940 vindicis
692 3873 854 3956 acerrimi,
881 3874 1136 3959 propugnatoris
1166 3879 1309 3939 constan-

170 3982 298 4046 tissimi.
344 3981 434 4066 Ergo
463 3986 565 4069 tanta
584 4004 656 4045 cum
685 3981 792 4066 gloria
821 3985 1005 4045 transactae
1034 3981 1151 4044 aetatis
1184 3986 1310 4064 tamque

168 4088 342 4171 multiplici
367 4089 486 4152 virtute
510 4091 716 4171 peractorum
744 4087 956 4152 consiliorum
979 4087 1309 4170 praeclarissimorum

264 4338 289 4403 *)
310 4334 429 4404 [Bereits
455 4334 630 4403 abgedruclrt
655 4334 683 4388 in
711 4334 764 4388 deu
787 4334 982 4389 Jahrbachern
1008 4333 1026 4388 f.
1051 4334 1132 4388 class.
1156 4333 1310 4403 Philologle

169 4428 237 4476 reas
256 4442 284 4492 p.
304 4422 385 4477 osis.
423 4422 451 4476 c.
471 4424 528 4493 W]
