2962 5032
437 251 697 299 EMENDATIONIS
721 251 928 298 PLAVTINAE.
1195 238 1260 300 413

116 392 266 457 brosiaui
290 392 483 477 scripturam
505 393 577 476 qu‘
595 415 711 477 qaoque
728 395 794 459 essc‘
806 395 877 459 uolo
894 394 1077 479 improbavi
1096 417 1174 479 prae
1193 397 1259 460 vul·

115 503 196 584 gata
218 499 286 583 Epo
309 500 426 582 quoque
447 500 517 565 uolo
539 501 610 566 e'ssc.
643 500 845 586 Quamquam
868 523 927 565 uec
950 501 983 566 in
1005 523 1057 584 opo
1080 505 1149 566 tam
1173 524 1259 566 seve-

116 628 172 670 rus
201 628 278 671 usus
307 629 404 692 quam
432 607 467 672 in
493 607 572 671 aiibi
600 604 655 672 tibi
682 607 781 673 fuisse
810 607 950 691 videtur,
984 613 1017 672 et
1039 608 1145 693 ipsum
1169 608 1261 672 ruiti

115 713 357 779 excusationem
385 713 505 778 habere
532 715 567 779 in
594 715 713 779 cantici
743 738 838 781 versu
862 716 940 781 233:
972 715 1022 780 Dc
1048 715 1105 779 bac
1127 717 1165 779 rc'
1182 715 1262 779 ratiti

113 821 193 885 saris
215 820 280 885 bati
302 822 396 904 liquet
417 818 510 908 (ruiti
531 841 579 886 so·
603 826 639 886 ut
662 844 720 907 pro
744 822 909 888 tribracho
934 820 1001 908 sit),
1024 824 1172 906 quamvis
1196 824 1258 888 exi·

115 947 181 1011 gua
208 926 255 991 ibi
283 929 466 994 mutatione
492 929 570 993 criti
596 928 660 992 aaa
689 931 766 994 satis
789 930 958 995 scribatur.
1003 929 1095 994 Idem
1118 952 1260 1013 prorsus,

116 1032 204 1118 quod
232 1033 271 1098 de
299 1035 391 1099 mibi
418 1035 488 1100 tibi
516 1035 616 1118 valet,
649 1035 762 1099 cadere
786 1036 820 1100 iu
847 1037 957 1119 quasi
980 1040 1012 1101 et
1034 1038 1114 1102 cisi
1136 1039 1259 1118 putato.

114 1138 163 1204 At
191 1161 267 1205 vero
297 1142 503 1207 excusatione
527 1142 657 1207 carebat
678 1142 871 1227 productum
894 1164 945 1226 φο
973 1166 1001 1208 v.
1025 1142 1090 1207 515
1117 1143 1186 1207 Titi
1208 1143 1262 1226 eyo'

107 1231 267 1334 ,rotimum
289 1248 425 1328 rc‘ddaua,
449 1249 534 1334 quod
557 1249 673 1313 vitium
697 1248 806 1313 addito
829 1271 867 1312 ex
891 1249 1109 1314 Ambrosiano
1133 1270 1171 1314 ue
1193 1272 1260 1314 sus-

112 1353 206 1418 tuli·
234 1351 356 1419 Contra
386 1377 450 1420 non
484 1355 556 1439 plus
590 1355 776 1420 offensionis
809 1355 842 1418 in
872 1355 1000 1420 creticis
1028 1379 1056 1421 v.
1087 1358 1162 1423 281.
1194 1357 1259 1422 293
1328 1438 1331 1443 ἱ

113 1469 168 1542 ayo
191 1459 302 1551 habet:

276 1566 361 1632 Nolo
384 1586 435 1649 eya
458 1589 532 1632 cum
555 1565 713 1651 improbis
737 1569 770 1631 te
793 1568 872 1632 uiris
896 1569 995 1652 gnate
1019 1568 1077 1634 mi:

276 1672 338 1738 His
361 1694 413 1756 eyo
437 1672 476 1738 de
499 1673 623 1738 artibus
647 1675 787 1760 gratiam
811 1675 895 1740 facio
921 1713 971 1760 -,

117 1815 172 1877 val
195 1815 273 1878 uuiti
295 1815 392 1881 Most
414 1804 474 1899 ΙΙΙ,
498 1816 528 1898 2,
554 1817 580 1881 1.
604 1815 638 1880 3:

276 1938 390 2004 Melius
413 1961 499 2005 anno
521 1939 582 2003 hoc
605 1940 683 2004 anibi
704 1943 769 2006 n6n
792 1942 855 2006 fuit
878 1941 979 2008 domi:

277 2045 451 2112 Prandium
475 2048 555 2111 ux6r
576 2047 655 2111 criti
677 2048 857 2131 perbonum
881 2050 971 2114 dedit
995 2088 1033 2096 -

114 2211 214 2274 quam
237 2189 271 2253 in
294 2189 475 2253 mutatione
498 2210 708 2272 personarum
733 2189 923 2274 productum
947 2193 1003 2257 tibi
1025 2215 1053 2257 v.
1072 2192 1151 2258 982:
1260 2211 1357 2253 cnxxr

205 2327 273 2395 CH.
295 2328 423 2395 Fassu’s
446 2327 652 2395 Charmide'm
676 2330 802 2396 dedisse
825 2337 939 2397 aurum
962 2334 1025 2398 tibi.
1072 2330 1134 2398 SY.
1158 2334 1258 2417 scrip·

966 2442 1036 2503 tum
1061 2439 1201 2523 quidam.

113 2526 161 2592 Et
183 2530 311 2591 tantum
335 2525 465 2611 quidem
488 2524 527 2589 dc
550 2525 730 2610 bisyllabis.

205 2632 280 2698 Non
314 2632 419 2717 magis
449 2636 557 2697 autem
586 2656 682 2717 quam
711 2620 745 2697 iu
772 2632 823 2697 bis
853 2656 935 2718 quae
961 2636 1187 2719 tractavimus,
1219 2637 1258 2700 in

114 2739 253 2805 mediis
277 2738 481 2804 vocabulis
505 2739 677 2804 brevium
706 2740 948 2824 syllabarum
972 2743 1179 2824 productio
1202 2765 1257 2827 po·

112 2847 180 2911 tius
203 2868 301 2931 quam
326 2846 526 2929 correptio
550 2845 754 2931 longarum
778 2847 885 2912 locum
908 2847 1033 2912 babuit.
1079 2847 1147 2913 Nec
1169 2850 1257 2914 enim

113 2951 247 3037 produci
264 2952 373 3017 brevis
393 2951 518 3036 syllaba
537 2951 670 3017 dicenda
689 2957 739 3017 est
757 2954 791 3017 in
801 2953 961 3019 Acheruns
976 2953 1028 3034 [cf.
1043 2954 1144 3038 praef.
1155 2953 1259 3020 'Prin²

112 3061 268 3143 p.1.xv1]
297 3080 355 3143 per
378 3059 547 3124 Plautinas
569 3058 698 3124 fabulas
721 3082 851 3145 novem,
884 3061 946 3125 sed·
961 3062 1060 3146 longa
1083 3063 1201 3146 corripi
1224 3063 1258 3127 in

112 3164 268 3231 Poenulo.
313 3165 398 3230 Item
427 3169 588 3231 servatam
618 3167 751 3251 longam
782 3167 941 3250 vocalem,
974 3191 1056 3253 quae
1085 3169 1257 3253 paullatim

114 3274 148 3337 in
174 3272 369 3338 brevitatem
397 3272 525 3354 abierit,
557 3273 621 3338 dici
650 3277 779 3357 oportet
801 3275 834 3338 in
857 3278 1040 3354 coxendicis,
1062 3274 1097 3339 in
1122 3277 1174 3356 Μ
1194 3275 1257 3356 fai-

112 3398 196 3455 aucs,
228 3377 263 3442 in
289 3381 336 3443 rai
362 3380 437 3461 dici,
463 3380 539 3463 plus
562 3380 679 3465 viginti
703 3383 811 3444 autem
835 3383 990 3466 exemplis
1014 3383 1173 3447 Plautinis
1198 3382 1257 3459 Te·

113 3484 336 3569 rentianisqua
358 3486 392 3550 in
416 3487 449 3549 a·
470 3486 580 3551 dativo
606 3487 661 3570 qui
683 3487 721 3550 fit
745 3508 764 3550 a
786 3488 987 3553 nominativo
1011 3491 1039 3554 is
1053 3510 1088 3552 ea
1106 3490 1151 3552 id:
1176 3510 1257 3572 quae

114 3592 264 3675 exempla
291 3591 325 3656 in
353 3593 519 3674 prooemio
549 3592 646 3657 schol.
675 3591 741 3657 hib.
767 3592 871 3657 Bonn.
895 3616 923 3658 a.
952 3611 1170 3661 clolocccrrffl
1201 3596 1257 3674 [=

113 3696 231 3781 Opusc.
246 3697 324 3782 phil.
339 3697 371 3762 ll
384 3721 415 3782 p.
426 3699 492 3762 419
504 3703 563 3784 sq.]
580 3699 757 3783 composui.
790 3698 894 3774 Quam
913 3700 1053 3765 formam
1073 3702 1127 3786 qui
1148 3700 1197 3765 vel
1217 3702 1258 3764 ce'a'

115 3804 262 3868 scribunt
285 3805 335 3869 vel
365 3804 406 3868 ad
429 3805 677 3870 similitudinem
700 3806 765 3869 cius
789 3806 931 3888 genetivi
955 3808 1007 3890 eja,
1039 3808 1101 3871 etsi
1123 3830 1186 3891 qua
1210 3830 1257 3872 ra·

115 3909 326 3977 tiocinationa
350 3916 484 3977 utantur
508 3912 678 3997 intellego,
705 3917 816 3976 tamen
843 3914 952 3979 nescio
977 3937 1039 3999 qua
1063 3936 1096 3978 se
1120 3916 1257 3980 auctori·

114 4020 182 4081 tate
210 4020 369 4084 tutentur:
406 4041 483 4084 nam
513 4018 598 4103 quod
625 4020 659 4083 iu
687 4019 759 4103 lege
784 4017 922 4085 Servilia
949 4021 999 4085 bis
1028 4021 1257 4106 scriptumest

114 4141 201 4206 mni,
232 4124 265 4188 id
294 4131 351 4190 aut
378 4127 411 4191 in
440 4129 578 4209 utraque
609 4124 737 4208 syllaba
763 4127 958 4191 imitandum
987 4130 1043 4191 aut
1070 4128 1104 4192 in
1132 4132 1256 4194 neutra.

114 4229 319 4316 Quamquam
343 4232 449 4316 magis
468 4232 578 4315 etiam,
601 4234 638 4295 ut
655 4231 717 4296 hoo
735 4232 770 4296 in
788 4236 976 4298 transcursu
996 4256 1257 4320 commemorem,

113 4338 220 4418 reffert
233 4340 426 4424 scripturam
447 4341 549 4404 miror
567 4361 624 4424 pro
643 4340 738 4421 refert
754 4361 820 4404 non
840 4341 1099 4408 commendatam
1119 4346 1256 4428 tantum,
