2926 5040
161 115 227 179 650
537 130 771 179 nararnrscnn
793 130 922 178 nunna

160 296 290 340 rursum
313 274 349 339 hi
371 273 551 357 despicatui
574 276 615 340 ab
638 272 706 336 illis
724 271 853 338 habiti?
885 271 1049 339 Neutrum
1068 273 1213 360 profecto
1229 295 1348 349 omi

162 380 309 445 siderate.
353 380 502 465 Namque
531 381 592 446 etsi
619 381 689 446 iure
718 402 796 446 sane
824 382 1005 466 meritoque
1033 403 1093 464 pro
1116 402 1150 446 se
1172 381 1348 472 quislu

161 485 194 550 id
219 487 434 572 amplectitur,
457 510 521 572 quo
545 489 658 553 innato
682 488 782 553 animi
806 489 931 573 impetu
955 492 989 554 et
1007 488 1184 573 praecipua
1204 487 1348 563 del-na

162 595 284 659 tatione
312 595 461 679 ducatur,
493 599 644 681 recteque
671 595 776 660 altera
803 617 842 660 ex
870 599 964 680 parte
987 594 1231 679 antiquitatium
1254 620 1348 668 εχ

162 701 393 785 plorandarum
421 705 454 766 et
481 702 749 787 pervestigandae
777 701 909 786 liuguae
937 701 1048 766 studia
1070 701 1157 765 inter
1179 721 1212 765 se
1234 722 1348 775 oon·

162 809 319 892 feruntur,
343 812 376 872 et
399 830 481 893 quae
504 813 714 894 utrorumque
737 808 888 894 propriae
912 808 981 873 sint
1002 806 1348 898 commendationeq

163 915 345 1001 dispicitur:
369 921 480 981 tamen
503 937 576 980 eam
599 915 695 981 debet
717 914 799 980 haec
816 914 1019 998 comparatio
1037 913 1104 978 rim
1123 912 1255 998 habers,
1311 928 1348 987 ut

164 1027 334 1107 utramque
358 1027 573 1108 cognoscatur
591 1025 719 1107 partem
738 1021 964 1087 tantummodo
983 1041 1054 1084 esse
1072 1020 1226 1103 plenioris
1242 1023 1344 1093 dis-

164 1129 312 1213 ciplinae,
335 1152 394 1195 nec
413 1130 478 1195 nisi
497 1129 693 1194 consociatis
712 1127 875 1212 utrimque
894 1127 1011 1193 studiis
1028 1148 1126 1212 posse
1143 1127 1185 1192 ad
1201 1127 1339 1212 ipsum

164 1237 262 1300 linem
285 1237 484 1323 philologiae
508 1236 669 1319 perveniri
693 1236 911 1321 intellegatur.
957 1234 1034 1302 Non
1056 1235 1200 1320 comperi
1220 1240 1336 1323 oqui-

76 1387 77 1391 =
165 1344 236 1408 dem
267 1344 373 1408 simile
403 1344 555 1428 quiddam
585 1344 620 1407 in
650 1343 766 1409 ceteris
796 1341 978 1426 disciplinis
1007 1341 1094 1407 fieris
1125 1363 1185 1407 nec
1213 1344 1332 1426 euim,

165 1455 321 1536 quantum
350 1450 479 1535 quidem
508 1451 622 1533 sciam,
655 1450 706 1515 vel
735 1451 769 1515 in
797 1449 965 1535 theologia
992 1448 1183 1534 dogmatum
1208 1449 1328 1516 inter-

164 1561 272 1641 pretes
301 1561 549 1621 contemnuntur
576 1557 618 1620 ab
647 1556 880 1639 hermenentis,
911 1556 962 1621 vel
989 1555 1071 1620 iuris
1095 1556 1214 1640 publici
1237 1557 1325 1621 doc·

165 1669 252 1728 tores
282 1687 301 1727 a
328 1664 448 1747 privati
477 1665 731 1748 scrutatoribus,
760 1665 812 1729 rel
841 1688 861 1729 a
883 1662 1089 1749 physiologis
1112 1663 1324 1747 ehhurguve

165 1770 344 1856 pathologi,
367 1771 419 1836 vel
443 1772 573 1856 zoologi
595 1772 779 1837 herbariire
802 1771 1004 1861 agchemiois
1027 1770 1081 1835 rel
1105 1771 1325 1855 maiquamm

166 1877 377 1942 historiarum
404 1882 606 1944 enarratores
634 1878 675 1943 ab
704 1880 745 1944 iis
774 1879 828 1964 qui
856 1880 890 1944 in
922 1877 1020 1944 medii
1048 1879 1121 1943 aevi
1150 1876 1325 1963 proximo

166 2007 278 2050 rumve
298 1985 503 2050 saeculorum
523 1986 619 2050 rebus
644 1987 746 2070 gestis
771 1991 949 2052 versantur.
991 1984 1083 2062 Quae
1106 1985 1229 2070 quidem
1245 1986 1329 2045 st·

166 2094 274 2177 ampla
296 2093 357 2157 etsi
380 2093 513 2157 minime
536 2115 596 2158 nos
619 2093 706 2178 fugit
728 2094 821 2158 valde
845 2114 915 2158 esse
934 2092 1090 2178 disparia,
1112 2097 1218 2157 tamen
1232 2091 1334 2154 art·

166 2205 236 2265 tum
260 2199 482 2264 similitudinis
506 2199 628 2265 habent
651 2200 770 2284 omnia,
792 2203 958 2285 quantum,
981 2204 1018 2265 nt
1041 2201 1096 2266 hio
1118 2194 1344 2266 commanos

167 2311 287 2391 rentur,
311 2307 391 2371 satis
418 2309 476 2370 est
514 2304 629 2391 Itaque
659 2307 784 2371 ridetur
809 2306 900 2390 illud,
923 2307 1010 2391 quod
1038 2306 1348 2392 improbabanuts‘

166 2414 334 2499 proprium
357 2413 598 2498 philologornm
619 2449 657 2460 -
679 2435 744 2479 non
764 2435 843 2497 esse,
866 2413 922 2478 sed
940 2414 1057 2480 fuisse:
1081 2414 1208 2501 quando
1229 2405 1348 2497 psus

167 2542 221 2585 cos
234 2542 315 2585 ,esse
339 2521 543 2604 suspicamur
566 2520 621 2604 qui
645 2542 712 2585 non
735 2520 903 2585 liberalius
927 2521 1050 2586 sentire
1073 2520 1171 2586 hodie
1193 2518 1292 2584 didiae

92 2648 152 2687 r111
167 2628 242 2692 rint.
289 2625 351 2692 Sed
378 2630 489 2692 tamen
515 2650 556 2692 ne
580 2627 626 2692 sic
650 2627 778 2712 quidem
803 2628 843 2692 ab
867 2628 932 2692 ista
954 2628 1206 2714 reprehensione
1226 2629 1297 2692 rete·

166 2757 220 2799 rae
253 2734 443 2817 disciplinae
475 2735 595 2799 liberae
629 2738 713 2798 sunt.
760 2734 881 2810 Quodsi
916 2736 1003 2800 enim
1037 2758 1057 2799 a
1089 2734 1237 2819 partibus
1265 2732 1300 2797 sd

167 2843 238 2926 ipsa
271 2862 390 2925 genera
421 2842 601 2925 pergimus,
634 2863 705 2923 nec,
738 2864 819 2925 quae
848 2841 917 2905 fieri
941 2846 1084 2927 constet,
1116 2840 1304 2907 obstinatius

167 2968 336 3031 negamus,
364 2948 504 3029 primum
533 2947 698 3011 fatendum
729 2953 778 3012 est
801 2947 862 3011 hac
886 2948 1094 3030 potissimum
1118 2955 1227 3013 aetate
1248 2969 1307 3012 non

167 3053 362 3116 mediocrem
386 3058 419 3117 et
442 3054 596 3118 invidiam
621 3059 654 3119 et
676 3054 949 3118 obtrectationem
973 3055 1059 3120 inter
1083 3056 1228 3140 reliquas
1251 3054 1310 3119 dis-

168 3159 306 3243 ciplinas
335 3164 466 3224 cunctas
496 3166 529 3225 et
552 3183 623 3225 eam
647 3161 860 3245 intercedere,
883 3183 967 3245 quae
991 3163 1066 3226 dum
1091 3184 1126 3226 se
1152 3162 1311 3228 cumillis

168 3269 301 3350 confert,
326 3267 422 3351 longe
446 3268 605 3351 potiorem
630 3270 731 3333 iactat
755 3273 787 3331 et
811 3273 979 3351 tamquam
1003 3270 1137 3334 domina
1158 3269 1313 3354 quaedam

168 3376 200 3440 in
229 3397 340 3439 servas
370 3374 536 3457 superbire
565 3377 746 3439 consuevit:
779 3399 875 3461 quam
900 3376 1029 3461 quidem
1054 3377 1128 3460 quis
1154 3377 1314 3442 (lucendus

168 3484 212 3547 sit
234 3506 298 3547 non
323 3483 419 3546 aliam
444 3487 541 3565 atque
564 3482 804 3567 philosophiam
828 3505 913 3566 esse,
935 3485 1021 3549 iusto
1045 3484 1180 3568 saepius
1204 3508 1317 3569 parum

167 3590 259 3654 illam
284 3597 473 3671 memorem,
506 3612 603 3673 quam
627 3592 660 3652 et
682 3589 788 3654 inanis
812 3595 845 3654 et
867 3591 969 3654 fallax
992 3591 1063 3674 ipsa
1087 3591 1132 3655 sit
1158 3593 1231 3657 sine
1255 3594 1318 3677 plc—

168 3697 303 3762 nissima
336 3696 538 3778 singulorum
572 3696 770 3780 cognitione,
802 3720 919 3781 parum
951 3719 1145 3779 memorem,
1184 3704 1223 3762 ut
1255 3721 1318 3764 nno

169 3803 266 3868 verbo
296 3803 414 3883 dicam,
447 3802 585 3886 exempli
617 3803 822 3867 Aristotelii?
869 3804 1074 3888 Quamquam
1109 3827 1319 3890 nequaqnam

169 3911 347 3975 infitiamur
375 3932 440 3973 non
469 3910 571 3972 multo
601 3909 706 3973 minus
731 3911 772 3974 ab
797 3910 901 3975 altera
925 3915 1017 3994 parte
1041 3932 1079 3975 eo
1105 3914 1253 3995 peccari,
1286 3920 1321 3978 ut

169 4040 232 4082 non
257 4016 337 4081 satis
362 4018 502 4100 reliquae
527 4020 623 4100 artes,
647 4039 743 4100 quam
769 4017 837 4081 sine
857 4018 1087 4101 philosophiae
1107 4017 1234 4083 lumine
1254 4041 1320 4084 oao-

170 4123 307 4208 outiant,
339 4125 570 4207 persentiscere
599 4124 777 4188 videantur.
823 4125 965 4189 Rursum
995 4128 1105 4189 autem
1134 4124 1201 4191 hae
1231 4127 1320 4210 ipsae

299 4230 390 4295 ltioni
415 4231 641 4296 convenienter
669 4231 805 4296 induas
829 4237 939 4316 partes
963 4231 1210 4314 dispescuntur:
1244 4256 1320 4318 qna·
