2962 5032
494 242 758 292 mannsrrorns
781 243 988 292 salvamus.
1247 228 1312 292 343

169 387 388 452 accusativum
416 383 608 471 probare*):
641 407 737 471 quam
760 385 900 450 formam
925 389 957 450 et
980 387 1079 469 ratic,
1113 409 1195 471 quae
1218 387 1252 450 in
1275 409 1312 451 eo

171 515 284 578 genere
308 495 458 559 universo
482 498 614 576 regnat,
643 496 753 557 tuetur
776 497 808 557 et
831 493 894 557 nisi
917 493 1016 558 fallor
1039 492 1179 558 Charisii
1204 498 1312 560 aucto-

169 601 249 664 ritas
273 602 389 666 firmat.
422 599 508 664 Nam
533 622 604 665 cum
624 598 754 665 Colchas
777 600 962 684 genetivum
984 599 1236 684 Plautinumque
1260 602 1312 666 ab·

167 707 304 772 lativum
319 706 434 775 Calcha
452 713 485 774 et
504 707 626 772 similia
649 729 721 772 cum
744 707 803 771 illo
826 707 1013 772 Priscianus
1029 705 1076 771 VI
1095 729 1124 789 p.
1136 707 1200 771 702
1225 709 1312 792 [239,

169 813 280 894 1011]
305 819 337 879 et
360 815 485 880 Probus
509 814 655 879 Putschii
678 837 707 897 p.
721 813 803 878 1467
831 813 896 897 [24,
913 813 954 876 14
968 812 1020 893 K]
1045 816 1212 898 testentur,
1236 816 1312 898 quid

166 922 298 986 tandem
328 943 399 987 esse
426 922 569 986 dicamus
598 920 683 1005 quod
711 920 762 984 his
787 919 1005 984 dissimillima
1027 919 1145 1001 forma,
1176 925 1208 985 et
1230 944 1312 1006 quae

165 1029 285 1093 veteris
309 1034 406 1113 atque
425 1029 577 1113 antiquae
595 1027 771 1092 latinitatis
790 1027 930 1111 speciem
950 1026 1160 1091 domesticam
1180 1028 1312 1095 minime

165 1133 297 1218 habeat,
310 1134 447 1202 Calcltan
461 1135 615 1199 miscetur
630 1131 770 1198 Charisii
784 1133 830 1198 l.I
846 1157 875 1217 p.
884 1133 927 1199 50
938 1132 1113 1215 [66,22Κ.]
1126 1134 1177 1199 his
1193 1136 1311 1200 verbis:

166 1241 399 1307 ‘Inueniuntur
420 1244 530 1307 tamen
554 1241 711 1326 quaedam
730 1241 901 1324 peregrina
921 1263 1002 1324 quae
1022 1263 1095 1304 cum
1114 1243 1311 1308 incremento

168 1347 312 1431 syllabae
337 1347 552 1431 declinantur,
574 1351 612 1411 ut
635 1345 772 1412 Calchas
797 1347 906 1411 Pallas
930 1347 1026 1412 Atlas
1051 1346 1164 1432 Gigas:
1187 1350 1312 1414 faciunt

166 1454 251 1517 enim
266 1451 455 1519 Calchantis
470 1453 628 1519 Pallantis
644 1452 819 1539 (Atlantis)
834 1452 997 1538 Gigantis:
1017 1455 1165 1538 quamuis
1185 1458 1311 1542 antiqui

166 1565 202 1624 ut
224 1559 386 1626 Pacuuius
409 1565 442 1626 et
464 1561 601 1625 Plautus
624 1560 761 1625 Calchan
784 1560 907 1644 dicant,
929 1583 994 1626 non
1018 1560 1311 1650 Calchantem.'**)

167 1668 282 1752 Apage
310 1667 559 1732 declinationem
590 1688 609 1731 a
636 1666 813 1731 Pacuviani
842 1666 1049 1753 Plautinique
1078 1670 1234 1733 sermonis
1263 1671 1310 1735 in-

166 1773 238 1838 dole
261 1796 328 1839 non
346 1775 454 1839 minus
474 1796 571 1859 quam
591 1774 784 1859 graecanica
797 1773 1000 1857 Pythoporan
1014 1775 1142 1839 Antcan
1161 1776 1311 1860 alienam,

165 1881 327 1966 uniusque
350 1882 489 1946 lineolae
513 1881 696 1946 accessione
720 1880 919 1945 confidenter
941 1903 1058 1965 repone
1073 1880 1256 1948 Culcham.
1269 1921 1310 1930 —

165 1987 314 2074 Denique
343 1988 525 2053 vocativum
554 1987 671 2051 talium
699 1987 881 2070 nominum,
914 1989 1009 2072 quale
1042 1993 1091 2053 est
1119 1988 1311 2070 Charmidea,

165 2097 283 2181 negavi
306 2095 347 2160 ad
371 2096 473 2161 nom
498 2095 532 2158 in
555 2115 570 2158 e
593 2094 680 2159 exire
704 2095 789 2176 apud
812 2093 973 2159 Plautum.
1007 2093 1113 2159 Cuius
1131 2098 1310 2162 sententiae

166 2224 316 2268 caussam
346 2203 452 2269 haheo
475 2202 779 2286 locupletissimam,
813 2202 899 2286 quod
924 2203 1071 2285 exempla
1093 2224 1160 2266 non
1183 2208 1312 2268 exstant

166 2309 254 2374 illius
283 2309 525 2392 declinationis,
558 2310 612 2374 sed
642 2308 905 2373 constantissimo
929 2314 1057 2391 praeter
1080 2332 1193 2373 unum
1216 2311 1309 2376 illum

167 2437 295 2480 versum
324 2439 386 2480 usu
414 2415 598 2481 Chameides
629 2415 770 2481 Callicles
796 2415 1011 2498 Megaronides
1033 2416 1181 2500 Lysiteles
1203 2417 1309 2483 Philo-

166 2522 265 2587 laches
283 2523 449 2604 Apoecides
467 2520 698 2608 Pleusides***)
717 2521 937 2604 Stratophanes
958 2522 1196 2605 Strathippacles
1220 2522 1309 2605 (nem

166 2627 485 2711 interaspirationem
500 2630 532 2693 A
551 2628 734 2714 expressit),
759 2632 791 2692 et
810 2629 836 2692 si
855 2650 938 2713 quae
958 2634 1034 2693 sunt
1057 2630 1187 2714 similia,
1211 2631 1308 2695 etiam

167 2757 224 2818 pro
244 2734 401 2799 vocativis
420 2740 504 2799 sunt.
542 2734 693 2819 Oppones
716 2735 957 2819 frequentatum
979 2736 1012 2801 in
1036 2736 1142 2800 Milite
1167 2737 1469 2822 gloriososxxxvm

166 2842 431 2924 Periplectomene,
464 2841 560 2924 idque
588 2841 667 2906 adeo
691 2842 782 2905 iuxta
804 2841 912 2924 posito
936 2840 1095 2907 Pleusicles
1117 2842 1177 2925 Ill,
1204 2846 1231 2926 l,
1257 2843 1310 2908 16:

219 2983 386 3049 Euocabo:
409 2984 490 3049 heus
514 2983 790 3068 Periplectomene
813 2988 845 3070 et
868 2983 1042 3068 Pleusicles,
1066 2985 1309 3070 progredimini.

166 3126 212 3190 At
235 3147 273 3189 ea
295 3126 367 3209 ipsa
390 3127 528 3192 societas
557 3146 674 3211 augere
703 3126 917 3210 suspitionem
941 3132 973 3190 et
996 3149 1126 3192 monere
1150 3127 1188 3191 de
1206 3149 1308 3193 naevo

91 3315 97 3323 ι
166 3233 313 3300 debebat.
358 3230 433 3297 Non
466 3235 572 3319 magis
606 3235 692 3299 enim
726 3256 745 3297 a
777 3233 977 3297 nominativo
1010 3234 1044 3297 in
1071 3255 1102 3299 es
1132 3235 1307 3298 terminato

167 3340 288 3406 lactum
311 3339 566 3421 Periplectomene
593 3364 690 3426 quam
713 3340 852 3423 Eutyche
879 3340 912 3403 in
936 3339 1129 3423 Mercatore,
1158 3341 1242 3424 quod
1267 3342 1308 3404 ab

165 3447 325 3530 Eutychus
360 3445 496 3510 ducitur.
547 3447 592 3510 At
628 3471 705 3512 vero
737 3447 1012 3528 Periplectomenus
1047 3447 1172 3512 ratione
1210 3450 1309 3510 caret.

166 3553 263 3619 Caret
285 3575 376 3618 vero:
400 3554 619 3638 quaerendum
643 3555 745 3639 igitur
768 3554 853 3636 quod
872 3561 1030 3639 congruat
1048 3555 1176 3619 rationi.
1207 3552 1308 3617 Recte

167 3665 276 3724 autem
305 3682 339 3723 se
367 3661 487 3723 habere
516 3660 579 3724 duo
609 3660 679 3724 sola
702 3663 852 3743 possunt,
885 3666 941 3724 aut
972 3683 990 3722 a
1018 3659 1308 3738 περιπληττόμενοε

167 3766 290 3829 factum
304 3753 577 3847 Periplettcmemrs
592 3770 648 3829 aut
662 3789 681 3830 a
696 3765 966 3845 περιπλεκόμενοε
978 3765 1307 3847 Periplecamenas.

167 3871 243 3937 Non
267 3872 414 3958 ambiges
438 3871 565 3957 opinor,
597 3877 706 3936 utrum
737 3873 776 3937 ad
805 3873 909 3956 ipsam
935 3871 1076 3936 indolem
1099 3867 1198 3955 lepidi
1222 3872 1307 3937 senis

167 4000 237 4044 esse
266 3980 373 4064 aptius
402 3979 498 4044 dicas.
543 3969 838 4044 Ratiocimitionem
867 3971 975 4042 autem
1003 3982 1150 4042 nostram
1176 4000 1241 4042 una
1270 4000 1307 4043 ex

274 4173 299 4239 ⁸)
320 4170 374 4242 [Cf.
395 4171 494 4241 Opusc.
514 4172 581 4241 phil.
602 4172 628 4225 ll
646 4190 672 4241 p.
693 4177 757 4236 4913
787 4171 1143 4243 Trin.²praef.p.1.x1x.]

255 4258 297 4328 **)
318 4258 370 4330 [cf.
390 4260 489 4329 Opusc.
509 4260 578 4330 phil.
599 4262 623 4314 ΙΙ
642 4279 668 4331 p.
689 4265 740 4315 487
760 4260 836 4327 adn.;
856 4258 946 4314 ‘Prin’
964 4261 1049 4330 praef.
1070 4279 1096 4330 p.
1116 4260 1236 4331 Μίνω]

238 4346 413 4418 m)[1mm0
435 4349 594 4416 Pleusicles;
614 4351 646 4403 cl.
669 4352 769 4421 Opusc.
789 4349 855 4420 phil.
874 4349 913 4403 Ill
932 4367 959 4418 p.
980 4350 1053 4421 322]
