2962 5032
320 365 392 412 uun
416 365 477 412 nra
502 364 687 412 carcasona
710 364 1029 413 rususuasrunrsn.
1096 336 1102 345 '
1204 348 1244 412 67

99 502 173 557 mihi
190 506 251 558 tam
269 505 402 559 acerbum
419 505 485 574 luit,
514 508 545 560 ut
570 506 666 560 multis
684 506 765 560 annis
784 505 887 560 nullius
905 503 1025 559 hominis
1044 504 1184 574 digressus
1203 520 1247 559 me

98 592 317 649 discruciaverit
334 593 456 664 gravium
494 594 584 650 Video
602 596 699 650 tarnen
717 612 781 650 cum
799 595 849 649 illo
870 595 975 664 optime
994 595 1097 662 actum,
1117 593 1191 661 quod
1210 592 1247 648 ab

100 682 157 737 hoc
175 682 288 738 saeculo
307 700 364 738 non
382 683 474 739 minus
487 685 624 740 scelerato
644 701 728 753 quam
752 700 916 739 aerumnoso
935 682 973 739 sit
996 684 1078 752 plano
1093 686 1247 753 exemptus.

176 791 280 847 Rumor
297 790 367 846 item
386 790 461 861 apud
479 807 529 845 nos
547 790 631 861 longe
649 791 761 860 lateque
781 808 894 861 sparsus
909 791 960 859 est,
980 793 1009 845 et
1022 789 1064 843 ita
1078 807 1198 860 sparsus,
1217 792 1249 844 nt

100 897 160 934 non
178 897 277 950 pamm
295 881 393 936 multis
411 880 494 935 fidem
512 880 569 934 iam
588 897 699 949 quoque
717 880 828 949 iecerit,
846 879 972 934 Vtricum
991 879 1160 946 Huttenum,
1183 896 1248 934 vere

101 968 228 1024 nobilem
244 968 387 1039 invenem,
411 970 441 1022 et
459 970 532 1024 hunc
551 986 661 1038 quoque
680 968 754 1024 diem
773 986 854 1024 sunm
873 968 983 1023 obiisse.
1021 968 1125 1033 Quodsi
1144 986 1188 1024 res
1206 969 1249 1022 ita

102 1058 192 1113 habet
213 1058 295 1126 (solet
317 1057 392 1113 eninr
409 1074 609 1127 nonnunquam
627 1075 722 1112 rumor
740 1060 770 1111 et
788 1058 896 1112 variare
915 1059 944 1112 et
962 1072 1081 1128 augere,
1107 1058 1180 1125 qnod
1199 1074 1248 1128 ge·

103 1148 179 1202 stum
198 1149 260 1217 est),
278 1147 360 1203 doleo
381 1147 453 1202 illud
471 1147 629 1220 ingenium,
655 1149 734 1202 illam
754 1148 783 1201 in
800 1150 919 1216 utroque
939 1147 1050 1202 dicendi
1067 1163 1169 1218 genere
1188 1145 1249 1200 seli·

103 1254 166 1292 cern
189 1253 288 1292 venam
312 1239 372 1292 tam
391 1236 541 1292 immaturo
560 1237 677 1292 interitu
695 1237 838 1293 defecisse.
877 1237 921 1290 lta
943 1235 1005 1291 dira
1027 1236 1080 1290 lati
1099 1238 1249 1292 necessitas

104 1325 214 1396 optima
236 1343 362 1395 quaeque
386 1327 516 1396 demetit,
543 1326 685 1398 peioribus
709 1344 796 1395 nsque
822 1326 858 1381 ad
881 1326 1005 1381 taedium
1029 1325 1142 1381 relictis.
1185 1325 1251 1381 Fuit

103 1414 175 1469 mihi
197 1432 261 1469 cnm
284 1413 397 1470 homine
419 1431 476 1470 non
493 1414 632 1485 vulgaris,
654 1431 745 1483 neque
765 1413 877 1468 omnino
896 1430 970 1468 nova
987 1413 1178 1482 familiaritas,
1205 1416 1249 1469 nt·
1263 1435 1304 1474 294

104 1506 171 1574 pote
198 1502 229 1557 in
251 1503 378 1574 Lipsensi
405 1504 474 1560 olim
497 1503 641 1575 gymnasio
664 1520 721 1558 non
748 1502 907 1572 penitendis
934 1501 1067 1572 auspiciis
1096 1505 1249 1572 contracta,

102 1590 153 1646 nbi
176 1608 243 1660 qum
264 1591 325 1646 illic
348 1591 573 1648 adulescentulus
594 1592 681 1646 terme
706 1593 793 1647 bonas
817 1592 927 1648 litteras
950 1608 1007 1646 non
1026 1592 1138 1647 omnino
1157 1591 1249 1648 infeli·

104 1681 175 1735 citer
191 1681 380 1750 profiteretur,
398 1680 439 1735 ita
457 1681 528 1735 mihi
547 1680 637 1750 primo
657 1679 753 1736 statim
773 1682 857 1751 gustu
875 1679 995 1751 placuit,
1023 1681 1056 1734 ut
1072 1698 1153 1751 spem
1171 1681 1248 1738 illico

103 1768 139 1822 de
167 1767 281 1824 homine
309 1769 486 1839 conceperim
514 1771 544 1824 et
566 1768 690 1840 amplam
715 1771 745 1823 et
770 1786 870 1824 raram.
908 1769 985 1824 Vitio
1010 1769 1054 1823 illi
1078 1773 1249 1840 vertebatur,

103 1857 179 1924 quod
201 1856 329 1912 acerbius
352 1875 552 1927 nonnunquam
581 1859 737 1928 scripserit,
765 1860 840 1928 quod
868 1857 991 1914 convitia
1015 1858 1145 1914 convitiis
1168 1878 1250 1916 accu-

103 1946 268 2017 mulaverit,
294 1948 369 2016 qnod
391 1947 539 2017 plerosque
563 1948 746 2002 insectaretur
771 1947 836 2002 odio
862 1947 1026 2017 plusquam
1052 1947 1169 2017 tragico.
1207 1949 1251 2004 Sit

101 2036 152 2091 ita
190 2037 246 2092 Sed
265 2038 446 2106 provocatus,
475 2037 525 2090 sed
541 2036 664 2107 iuvenis,
688 2037 810 2091 sednon
828 2035 884 2090 nisi
902 2036 1012 2103 quando
1032 2036 1155 2091 calamus
1175 2038 1248 2093 inca-

102 2125 207 2193 luerat,
236 2142 292 2194 qna
314 2127 410 2180 tamen
433 2143 463 2180 re
485 2125 627 2180 neminem
650 2124 750 2179 maiori
774 2142 857 2193 quam
882 2142 911 2179 se
935 2124 1027 2194 ipsum
1050 2128 1188 2194 gravabat
1209 2128 1248 2182 in·

101 2214 186 2269 vidia
214 2214 245 2269 si
263 2213 293 2266 id
312 2212 413 2268 vitium
432 2215 483 2283 est,
502 2214 589 2268 habet
606 2213 635 2267 id
654 2230 716 2267 cnm
731 2214 827 2268 multis
843 2229 996 2267 commune.
1025 2214 1088 2268 Non
1102 2233 1249 2285 possumus

103 2318 200 2357 omnes
219 2301 362 2356 Christum
380 2305 410 2357 et
427 2302 584 2372 principem
603 2305 632 2357 et
649 2303 793 2358 doctorem
811 2305 937 2357 nostrum
956 2302 1071 2369 reterre,
1096 2304 1144 2372 qui
1162 2306 1246 2360 male·

102 2391 263 2447 dicentibus
286 2408 343 2446 non
365 2390 489 2446 vicissim
511 2390 673 2459 maledixit,
699 2389 748 2446 sed
770 2407 822 2460 pro
844 2390 955 2462 probris
978 2392 1160 2448 amarulentis
1178 2394 1249 2450 salu-

101 2483 193 2536 tarem
216 2479 299 2534 nobis
322 2479 479 2535 doctrinam
501 2480 638 2550 rependit.
676 2480 823 2549 Vtcunque
843 2480 892 2546 sit,
918 2481 1023 2535 umbris
1042 2481 1119 2537 illius
1137 2485 1249 2538 tenuem

102 2586 137 2624 ac
156 2569 217 2623 sine
236 2568 359 2638 pondere
377 2571 481 2624 terram
500 2572 579 2639 opto,
604 2568 797 2639 spirantesque
816 2586 912 2624 crocos
935 2571 965 2623 et
987 2568 1095 2640 reliqua
1112 2588 1184 2640 quae
1208 2589 1249 2627 se·

102 2661 236 2728 quantur.

174 2783 228 2837 Vix
253 2780 355 2851 credis,
384 2781 522 2837 Bilibalde
546 2782 599 2851 mi,
627 2800 712 2853 qnam
736 2801 781 2839 me
805 2785 904 2839 horum
928 2786 1086 2854 temporum
1112 2788 1250 2843 tumultus

104 2872 258 2930 offendant.
290 2871 313 2927 O
333 2871 373 2926 dii
391 2872 524 2942 deaeque,
543 2889 615 2941 quae
634 2873 745 2929 insanas
763 2874 858 2928 versat
877 2871 1018 2928 discordia
1036 2877 1154 2930 mentes!
1174 2875 1250 2930 itane

103 2962 215 3018 animoa
238 2977 373 3032 praecepa
396 2977 446 3031 per
465 2978 546 3016 omne
566 2961 702 3016 relabitur
719 2962 846 3017 facinus?
870 2963 945 3017 itane
965 2963 1053 3017 veluti
1072 2964 1164 3020 lurore
1183 2982 1250 3036 quo·

102 3053 169 3107 darn
188 3048 291 3121 perciti
309 3048 339 3103 in
357 3066 550 3118 quemcunque
571 3050 683 3106 obvium
702 3054 816 3122 repente
833 3068 936 3107 cornua
950 3051 1139 3108 obvertimus?
1159 3072 1250 3110 nonne

102 3140 176 3194 muti
198 3137 253 3193 tibi
279 3137 409 3194 videntur
431 3138 599 3194 Germaniae
617 3141 729 3194 nostrae
748 3140 901 3212 principes,
930 3139 979 3209 qui
998 3141 1070 3195 tales
1088 3159 1180 3198 rerum
1199 3145 1249 3199 hn-

101 3246 251 3284 manarum
269 3229 364 3298 pestes
382 3227 461 3283 taciti
481 3231 608 3298 spectare
626 3232 762 3299 possunt?
798 3230 858 3300 Ego
882 3216 951 3300 ¹qum
972 3228 1055 3284 audio
1074 3231 1131 3285 illis
1151 3250 1250 3288 manus

102 3321 279 3390 amputatas,
306 3318 357 3373 hos
380 3316 571 3372 crudelissime
595 3317 702 3373 occisos
721 3319 858 3389 deumque
876 3318 1078 3389 hominumque
1098 3322 1179 3376 fidem
1199 3323 1250 3377 im·
1264 3343 1303 3381 aas

101 3409 231 3480 plorare,
259 3407 328 3477 quid
351 3405 429 3462 alind
452 3406 632 3478 cogitandum
657 3411 713 3477 est,
740 3426 823 3477 quarn
842 3408 946 3463 Marios
965 3408 1113 3480 Syllaeque
1132 3412 1167 3466 ab
1186 3411 1249 3466 imis

101 3496 216 3553 Tartari
236 3496 348 3552 sedibus
367 3498 499 3553 evocatos
519 3504 597 3552 esse?
625 3496 775 3567 Pompeius
793 3497 824 3552 in
842 3498 897 3553 iras
916 3498 982 3554 hinc
1002 3499 1079 3567 furit,
1098 3500 1163 3555 hinc
1183 3500 1249 3555 Cae·

103 3604 150 3642 sar
173 3603 278 3641 vesano
300 3585 463 3641 accenditur
485 3583 559 3655 igne.
596 3587 647 3641 Est
669 3588 750 3641 tanta
769 3586 1024 3642 crudelissimorum
1043 3586 1188 3642 hominum
1208 3606 1249 3643 se-

104 3675 192 3745 vitia,
219 3676 252 3730 nt
273 3691 325 3746 pro
350 3691 400 3730 sua
422 3673 553 3743 libidine,
582 3693 637 3744 qna
655 3675 684 3730 in
704 3694 828 3746 quosque
848 3677 944 3733 obvios
963 3680 1139 3748 grassantur,
1168 3678 1249 3733 satis—

104 3767 212 3821 iactum
232 3762 287 3820 sibi
304 3780 482 3834 nequaquam
500 3766 640 3835 putarent,
661 3764 715 3820 nisi
734 3770 761 3832 (o
776 3783 834 3820 rem
849 3766 1017 3837 indignamt)
1037 3766 1067 3820 in
1085 3766 1250 3822 miscrorum

106 3854 335 3911 muliercularum
360 3851 518 3907 miserrima
540 3854 706 3925 corpuscula
728 3872 839 3925 quoque
863 3855 994 3912 sevirent.
1036 3856 1072 3909 Et
1094 3854 1174 3910 videt
1196 3856 1250 3911 ista

105 3944 187 4011 dens,
211 3959 264 3999 neo
282 3940 402 3997 fulmina
420 3944 535 4012 torquet
552 3942 588 3998 ab
607 3945 677 4000 alto!
715 3946 801 4000 Irasci
820 3945 932 4014 quando
951 3944 1051 3999 iustius
1071 3944 1120 4000 ille
1138 3946 1249 4014 potest?

105 4031 152 4089 Sic
169 4032 236 4088 odio
253 4031 319 4102 plns
337 4049 422 4101 quam
441 4030 594 4087 Vatiniano
613 4034 824 4103 tumultuamur,
845 4035 925 4103 quasi
943 4037 1068 4089 extrema
1086 4034 1166 4089 nobis
1185 4051 1249 4103 spes

105 4123 136 4178 in
156 4138 192 4178 oo
215 4119 255 4175 sit
276 4120 430 4187 collocata,
458 4124 605 4177 ettamen
628 4141 692 4191 qunr
713 4124 783 4178 haec
801 4123 924 4193 agimus,
951 4122 1075 4192 perbelle
1095 4121 1248 4177 Christiani

105 4210 188 4268 mois
205 4208 343 4278 videmur,
362 4209 442 4289 quasi
459 4209 530 4265 haec
548 4213 643 4266 nostra
660 4211 761 4282 religio
779 4213 864 4282 longe
883 4212 1030 4282 quicquam
1050 4209 1126 4265 aliud
1142 4209 1247 4265 deside-

108 4302 151 4357 rso
166 4296 260 4371 magio
284 4314 369 4368 qoam
393 4297 584 4367 concordiam,
612 4316 668 4369 qna
686 4299 748 4354 sola
766 4300 879 4354 sublata
899 4298 1053 4354 Christiani
1070 4316 1126 4353 non
1145 4317 1249 4354 sumna.

108 4384 209 4447 laon·
226 4386 285 4443 nos
301 4384 366 4443 ioco
383 4384 506 4459 ipsemet
522 4386 593 4442 mihi
611 4388 784 4458 temperabo,
803 4405 838 4443 ne
857 4388 885 4442 in
900 4387 1040 4459 principes
1055 4387 1249 4444 immodestius

7 4466 9 4473 ’
108 4474 176 4547 qurl
188 4475 366 4551 potantur,
387 4492 456 4545 qum
473 4475 560 4532 sciam
579 4493 637 4532 non
654 4493 714 4533 osse
732 4494 792 4532 rem
811 4475 960 4545 ludicram,
987 4494 1051 4532 curn
1070 4479 1136 4533 love
1154 4476 1249 4545 iocari,

1003 4567 1036 4620 ὃ*
