2962 5032
150 301 153 306 ·
196 279 262 346 440
483 293 747 343 Paonauonuua
771 294 817 340 us
840 294 1050 344 aamoumvs

197 437 389 503 documento
414 459 483 502 esse
507 442 657 521 possunt,
681 437 822 502 severius
846 460 943 523 quam
966 438 1072 502 verius
1097 438 1145 503 sic
1169 441 1284 522 statui,
1305 442 1340 503 ul

196 544 346 630 proxima
373 548 450 628 post
477 544 615 608 solutam
638 543 745 608 'arsim
774 544 902 628 syllaba
929 545 1112 610 necessario
1140 567 1212 609 esse
1244 545 1340 629 longa

197 650 330 716 dicatur.
376 651 439 716 Est
462 674 500 716 ea
523 652 710 736 plerumque
733 653 845 737 longa:
869 650 925 716 sed
948 673 1006 716 nec
1027 652 1261 717 necessitatem
1282 652 1341 717 hoc

197 757 297 822 habet
318 777 377 820 nec
402 757 500 821 aliam
523 778 684 839 caussam,
713 780 807 841 quam
838 757 923 842 quod
951 758 1083 822 omnino
1111 758 1145 822 in
1169 757 1342 824 trochaicis

197 863 362 927 tribracho
391 863 487 948 longe
516 863 718 947 frequentior
740 869 791 929 est
813 867 1023 948 anapaestus,
1055 866 1087 928 in
1112 863 1266 929 iambicis
1289 864 1344 928 tri·

197 968 317 1034 bracho
341 970 476 1054 ipsoque
501 970 609 1035 iambo
633 971 833 1054 frequentior
857 971 1016 1055 spondeus
1040 971 1092 1035 vel
1116 970 1278 1054 dactylus.

286 1075 423 1140 Perraro
462 1080 569 1142 cirtem
606 1078 905 1161 monosyllaborum
943 1077 1075 1142 licentia
1115 1076 1176 1142 illa
1217 1077 1345 1142 videtur

198 1183 296 1248 etiam
320 1181 361 1246 ad
384 1181 592 1267 polysyllaba
615 1184 776 1248 translata
801 1205 881 1248 esse.
926 1182 1002 1249 Non
1026 1182 1163 1248 Plautus
1186 1183 1267 1266 fuit,
1289 1184 1343 1248 sed

197 1289 357 1355 recentior
386 1289 517 1375 aliquis,
550 1312 569 1353 a
597 1311 660 1374 quo
689 1289 769 1373 prol.
793 1288 889 1354 Mero.
916 1290 956 1354 13
978 1290 1049 1354 uidi
1068 1290 1224 1355 amawras
1244 1291 1345 1371 facere

198 1396 378 1482 profectum
402 1417 472 1460 esse
496 1417 560 1461 non
584 1418 682 1460 ausus
705 1418 777 1460 sum
801 1416 920 1479 negare
943 1394 1109 1480 Parergon
1131 1418 1163 1479 p.
1191 1396 1241 1461 18.
1292 1395 1343 1459 Ab

198 1503 386 1569 Hermanno
409 1503 541 1586 probari
564 1502 658 1566 video
682 1507 866 1586 correptum
896 1503 928 1566 in
951 1502 1126 1567 bacchiaco
1150 1504 1227 1567 aute
1251 1524 1343 1568 voca·

199 1610 263 1674 lem
288 1609 493 1692 trisyllabum
516 1611 616 1692 capito
638 1608 734 1674 Poen.
758 1610 783 1693 I,
806 1610 837 1692 2,
861 1611 916 1675 31:

289 1750 388 1817 Sordr
411 1751 520 1836 cogitat
545 1752 671 1834 amabo,
696 1752 773 1815 ite‘m
798 1773 858 1817 nos
881 1751 1054 1837 perhiberi.

199 1893 286 1957 Hinc
309 1893 436 1959 defendi
460 1897 611 1977 potuerat
633 1894 668 1957 in
690 1893 778 1959 Trin.
805 1895 883 1958 272:

289 2025 377 2100 Bdni
401 2035 464 2099 sibi
487 2035 568 2099 haec
591 2037 758 2119 expetunt:
783 2036 860 2118 re'm,
883 2034 983 2114 fidem,
1006 2036 1168 2122 fauorem,

199 2183 236 2243 ut
259 2168 340 2244 -dbu
362 2178 411 2242 ho
442 2177 508 2241 sint
538 2199 597 2260 pro
627 2199 692 2241 una
722 2177 820 2262 longa
850 2179 911 2258 [sic
935 2177 1064 2261 Trin.²]:
1095 2180 1165 2283 ¹nisi
1194 2181 1343 2265 perfacile

199 2289 275 2370 post
296 2307 343 2350 em
367 2285 511 2350 excidere
534 2291 563 2350 et
584 2285 735 2368 potuerit.
769 2284 808 2349 In
822 2284 1041 2350 Mostellariae
1064 2308 1159 2352 versu
1183 2286 1241 2370 IV,
1251 2288 1281 2370 2,
1290 2288 1343 2353 33:

291 2426 376 2504 Quoi
398 2427 545 2491 homiui?
581 2424 648 2490 PH.
674 2449 725 2490 ero
750 2427 876 2491 nostro:
908 2449 1040 2511 quaeso,
1064 2428 1214 2512 quotiens
1239 2427 1344 2493 dicun·

1053 2533 1163 2599 dumet
1186 2534 1249 2599 tibi

201 2699 266 2742 non
295 2681 370 2740 sunt
398 2699 456 2759 pro
485 2678 661 2759 anapaesto
685 2677 736 2738 -ua‘
757 2697 806 2738 ero
831 2676 990 2759 syllabae,
1013 2675 1068 2740 sed
1092 2678 1127 2740 eri
1149 2677 1344 2760 producitur,

202 2807 266 2848 una
290 2788 396 2848 autem
422 2783 550 2866 syllaba
573 2783 800 2865 pronuntiatur
823 2804 881 2860 (uo,
906 2787 942 2846 ut
961 2783 994 2846 in
1014 2783 1222 2866 anapaestico
1244 2781 1343 2848 Stichi

203 2890 248 2972 ll,
275 2892 380 2973 1‚40:

291 3031 397 3096 Nimis
420 3032 537 3096 uellem
562 3031 623 3095 hae
646 3030 731 3093 fores
755 3052 841 3094 mucra
864 3032 1038 3115 fugissent:

203 3173 240 3236 de
265 3195 328 3256 quo
353 3195 422 3255 cap.
447 3172 492 3235 Xl
517 3175 560 3255 [p.
584 3173 662 3252 394]
688 3172 817 3236 dictum.

292 3279 400 3362 Atque
428 3278 462 3341 hi
492 3277 618 3362 quidem
643 3278 752 3342 hiatus
776 3279 810 3342 in
838 3280 930 3362 arsi,
964 3281 990 3343 si
1015 3282 1111 3345 modo
1135 3283 1232 3365 fiunt,
1267 3283 1347 3346 fiunt

204 3409 327 3450 omues:
351 3385 467 3470 quibus
492 3385 594 3450 multo
619 3384 716 3449 etiam
740 3385 931 3451 incertiores
956 3391 1031 3451 sunt
1052 3388 1106 3471 qui
1127 3388 1259 3452 admissi
1279 3412 1347 3453 esse

115 3517 188 3558 corn
203 3493 236 3556 in
263 3493 363 3557 thesi
388 3497 551 3575 putantur.
599 3491 625 3555 Ε
650 3492 766 3575 quibus
790 3493 896 3556 minus
920 3493 1130 3558 dubitationis
1155 3517 1253 3578 quam
1277 3497 1348 3559 reli-

205 3601 259 3682 qui
293 3600 341 3664 illi
374 3599 509 3681 habent,
542 3621 613 3662 cum
646 3600 870 3682 anapaesticus
903 3600 1068 3664 anacrusis
1100 3601 1190 3685 prior
1219 3602 1348 3685 syllaba

205 3707 434 3791 monosyllaba
458 3729 534 3770 voce
559 3710 686 3770 constat
705 3706 737 3769 iu
759 3708 889 3790 longam
910 3708 1056 3771 vocalem
1076 3707 1244 3790 desinenti,
1268 3731 1348 3792 quae

205 3819 279 3877 aute
304 3814 526 3897 insequentem
551 3814 704 3897 vocalem,
727 3815 781 3877 sed
806 3814 838 3877 iu
858 3815 938 3898 ipsis
958 3815 1173 3897 anapaesticis
1193 3816 1349 3895 versibus,

205 3920 407 4004 corripiatur.
464 3919 716 3984 Assentiendum
755 3920 839 3983 euim
878 3919 1065 3985 Hermanno
1103 3921 1230 3985 videtur
1267 3922 1348 3986 tales

204 4028 422 4109 correptiones
446 4049 517 4091 cum
541 4026 633 4090 hiatu
657 4026 843 4090 coniunctas
867 4026 1048 4091 defendenti
1073 4024 1175 4090 Stichi
1191 4027 1237 4111 ll,
1256 4031 1284 4111 1,
1299 4028 1348 4092 50.

205 4133 277 4197 Aul.
297 4133 353 4217 IV,
372 4135 402 4216 9,
421 4136 450 4197 3.
465 4135 494 4197 5.
517 4133 634 4197 Bacch.
655 4134 878 4214 1126111651.
906 4134 989 4197 1162
1007 4134 1136 4214 [11991

295 4276 378 4350 Quid
403 4277 487 4340 istuc
511 4275 582 4339 est?
630 4280 716 4349 Quas
741 4278 774 4337 1ιῖ
798 4276 872 4340 edes
897 4275 1069 4339 colubras?
1113 4327 1342 4340 ......

304 4433 487 4445 .....
528 4383 675 4467 equidem
699 4384 756 4464 qut
780 4405 850 4447 eam
875 4386 932 4446 aut
955 4383 1009 4446 ubi
1034 4383 1095 4447 sim
1119 4387 1177 4447 aut
1199 4383 1255 4468 qui
1279 4384 1349 4448 sim.
