2962 5032
497 233 758 284 sessosrronrs
783 233 991 282 rosvensis.
1250 216 1316 280 333

177 378 356 446 Trinummi
379 404 409 446 r.
432 380 496 446 397
526 378 720 445 Gulielmius
748 381 865 464 suasit,
895 381 1005 446 sectius
1031 378 1130 444 nitito
1150 379 1228 460 facit
1257 399 1316 462 pro

168 489 285 571 fectitas
306 510 338 554 11.
359 488 394 570 f,
416 487 496 553 ferri
518 488 565 552 its
588 492 717 553 tantum
740 492 862 572 posset,
885 491 922 551 ut
944 486 1042 550 simul
1065 485 1117 550 illc
1139 507 1316 569 pronomen

168 596 345 679 accederet,
368 617 433 681 quo
456 594 497 659 ad
520 595 623 676 filium
645 595 677 659 id
702 595 905 660 enuntiatum
928 594 1113 659 referretur.
1132 629 1175 638 —
1199 592 1315 657 Paucis

166 705 269 785 coepio
299 702 481 788 praesentis
513 700 669 786 exemplis
702 724 822 766 novum
856 701 994 766 accessit
1021 722 1051 764 v.
1078 700 1162 764 1052
1189 702 1316 782 coeptae,

166 811 323 876 effectum
352 833 372 874 a
398 809 493 875 nobis
521 831 538 873 e
562 808 755 893 planissima
778 807 989 873 Ambrosiani
1013 807 1131 873 codicis
1155 807 1317 892 scriptura

166 914 362 1002 cosrms.*)
394 915 485 992 Quae
508 916 580 1000 ipsa
603 915 684 979 setis
707 915 929 979 memorabilis
953 919 1004 978 est
1026 918 1207 998 propterea,
1231 915 1316 998 quod

165 1023 303 1088 fuerimt
330 1023 386 1108 qui
409 1044 426 1086 e
448 1043 505 1087 eon
527 1026 561 1088 et
582 1023 654 1104 opio
677 1021 744 1086 sive
767 1042 826 1103 opo
849 1020 1030 1086 derivatum
1055 1043 1125 1084 esse
1149 1023 1247 1104 eoeprio
1271 1021 1314 1084 di·

165 1134 292 1196 cerent
331 1128 425 1205 Quod
449 1129 478 1192 si
501 1127 714 1213 probabiliter
737 1128 956 1211 opinarentur,
978 1127 1136 1192 haberent
1159 1149 1222 1211 quo
1245 1149 1315 1211 per·

165 1234 342 1302 commodo
365 1234 571 1300 firmamento
597 1234 800 1299 coniecturae
824 1255 901 1298 suae
925 1237 1102 1299 uterentur.
1144 1233 1231 1310 Quos
1255 1255 1315 1319 ego

166 1343 263 1428 sequi
285 1364 351 1409 non
374 1364 446 1407 sum
470 1363 583 1425 ausus,
614 1345 650 1405 ut
677 1342 733 1425 qui
761 1340 921 1405 rationem
945 1362 1010 1405 non
1033 1341 1228 1424 perspiciam
1252 1364 1316 1426 qua

167 1472 188 1514 e
211 1471 246 1516 eo
268 1453 301 1514 et
322 1471 365 1532 ap
387 1471 452 1514 non
472 1450 564 1530 cepio,
588 1452 625 1512 ut
642 1447 758 1530 copuler,
783 1446 838 1512 sed
857 1446 957 1529 coepto
976 1444 1157 1533 (tamquam
1176 1446 1315 1535 11111111)

167 1558 281 1622 ortum
303 1556 417 1622 dicam.
463 1555 553 1619 Idem
576 1555 659 1637 coepe·
682 1553 735 1618 vix
759 1575 796 1619 ac
818 1575 860 1618 ne
884 1553 937 1618 vix
961 1553 1089 1638 quidem
1114 1553 1256 1619 adducor
1279 1561 1316 1619 ut

167 1664 278 1729 tribus
300 1685 371 1728 esse
395 1661 530 1747 syllabis
553 1683 572 1725 a
591 1659 709 1725 Plauto
732 1659 976 1745 pronuntiatum
1001 1659 1142 1725 credam:
1167 1662 1314 1745 quamvis

168 1791 241 1834 esse
258 1792 364 1854 pauca
382 1770 538 1855 quaedam
558 1769 704 1853 exempla
724 1769 824 1834 seiam
843 1767 953 1853 eliqua
972 1768 1076 1851 specie
1091 1768 1158 1832 veri
1178 1768 1212 1832 in
1231 1768 1315 1835 hanc

168 1881 297 1960 partem
321 1877 472 1960 valentia,
496 1899 608 1941 verum
631 1875 742 1940 eadem
766 1878 803 1938 ut
826 1878 904 1957 puto
928 1873 1082 1938 fallentia.
1099 1873 1216 1938 —Sed
1240 1897 1314 1940 vere

169 1982 211 2047 ab
241 2003 284 2065 cp
313 1982 414 2066 stirpe
445 1982 577 2046 ductum
607 1987 717 2063 epiris
750 2003 825 2045 rara
857 1981 923 2044 veri
955 1979 1120 2064 participii
1151 1985 1313 2065 potestate

170 2088 274 2155 usos
293 2112 313 2154 a
331 2095 429 2173 poeta
447 2090 590 2173 positum
609 2110 680 2152 esse
695 2087 931 2152 Ambrosianus
951 2087 1112 2170 persuasit
1126 2104 1313 2153 orl-serus

168 2197 340 2280 praebens,
363 2219 428 2261 una
450 2199 579 2260 tantum
601 2195 688 2260 inter
710 2213 722 2260 1
747 2199 780 2259 et
803 2214 825 2258 1
848 2195 959 2258 littera
981 2193 1158 2277 interiecta,
1182 2216 1240 2277 pro
1265 2216 1312 2260 oe·
1335 2176 1339 2183 Ι

168 2309 315 2369 tororum
336 2303 493 2368 librorum
517 2301 678 2384 scriptura
697 2303 757 2366 otio
775 2305 894 2383 coptus:
918 2322 1001 2385 quse
1023 2304 1061 2363 ut
1079 2299 1314 2383 interpretandi

168 2408 279 2475 studio
306 2408 452 2493 debetur,
484 2408 532 2474 ita
559 2408 600 2472 ad
622 2412 762 2472 metrum
785 2430 852 2472 non
873 2407 982 2491 potuit
1003 2405 1067 2470 nisi
1089 2406 1220 2472 inverso
1243 2430 1312 2472 ver-

168 2515 286 2580 bomm
318 2515 430 2582 ordine
460 2515 704 2580 accommodari.
737 2551 776 2561 —
811 2513 935 2580 Contra
966 2513 1067 2578 libros
1099 2515 1222 2595 peridem
1253 2537 1313 2598 pro

167 2624 335 2705 equidem
361 2622 523 2706 particula
544 2643 610 2687 non
634 2620 675 2686 ad
697 2621 835 2705 primam
859 2642 1032 2704 personam
1056 2619 1161 2685 relata
1183 2621 1312 2704 reposui

168 2753 198 2794 v.
221 2730 297 2796 352.
321 2730 384 2795 611
419 2733 452 2793 11
484 2750 639 2812 reponam
671 2729 706 2792 in
738 2730 853 2793 ceteris
885 2728 1003 2793 fabulis
1033 2726 1163 2812 ubique.
1208 2726 1313 2804 Quam

154 2836 309 2902 ‚formam
338 2834 483 2920 quamvis
513 2835 579 2899 acri
603 2835 810 2900 contentione
833 2858 906 2900 oum
930 2834 983 2900 alii
1008 2837 1078 2898 tum
1102 2856 1203 2918 nuper
1226 2832 1314 2899 Han·

168 2943 241 3008 dius
257 2940 309 3026 **)
340 2941 513 3006 Tursellini
547 2945 571 3005 t.
597 2939 631 3005 Il
663 2961 694 3024 p.
721 2942 787 3006 425
802 2962 870 3027 sqq.
913 2941 1059 3006 omnium
1101 2963 1312 3025 personarum
1327 2967 1441 3007 nxxvn

168 3071 239 3114 esse
267 3071 470 3114 communem
498 3047 756 3132 pronuntiarint,
789 3052 897 3113 tamen
920 3049 1070 3114 Plautino
1099 3048 1228 3134 quidem
1252 3071 1312 3112 usu

167 3155 454 3240 persuasissimum
477 3155 582 3220 habco
606 3175 679 3219 cum
703 3152 851 3219 Bentleio
875 3153 923 3240 (in
947 3154 1017 3221 Ter.
1031 3155 1148 3221 Heaut.
1162 3155 1259 3239 IV,1,
1273 3156 1312 3218 19

168 3266 203 3327 11
225 3261 363 3346 Adelph.
386 3259 426 3345 V,
449 3261 479 3345 3,
498 3257 556 3345 65)
580 3283 599 3325 a
622 3260 822 3345 reliquarum
844 3265 973 3345 praeter
995 3262 1134 3346 primam
1159 3261 1313 3326 societate

167 3390 301 3452 prorsus
328 3368 463 3433 excludi
508 3367 546 3432 Id
574 3371 611 3433 ut
634 3373 721 3433 recte
744 3391 764 3433 a
786 3391 840 3434 me
863 3369 978 3434 sentiri
1002 3369 1234 3450 demonstrem,
1262 3388 1313 3430 ex·

168 3632 312 3700 (1111111,
339 3629 690 3688 roloabaliisdoceri.’
731 3630 800 3686 Vide
820 3630 1032 3686 Fleckeisenum
1050 3630 1120 3685 Mus.
1140 3630 1227 3684 Rhen.
1248 3629 1313 3682 VllI
1358 3628 1362 3635 '

167 3739 195 3789 n·
215 3721 352 3792 111111]

276 3808 301 3878 *)
336 3809 491 3879 [1111111111
524 3825 553 3862 11
586 3806 747 3877 opinionem
780 3808 815 3861 de
848 3808 901 3862 hoc
933 3824 1016 3862 versu
1048 3812 1077 3862 11
1107 3808 1153 3862 hic
1185 3810 1215 3862 et
1241 3808 1315 3863 inira

167 3916 195 3968 p.
214 3913 334 3953 nxxxrx
354 3898 544 3969 disputantem
558 3895 728 3951 Ritschelius
749 3896 906 3965 intellexit,
926 3913 989 3950 eum
1011 3895 1218 3952 Studemundus
1236 3910 1313 3952 occl-

168 4001 236 4040 1111
255 3986 347 4056 potius
366 4004 399 4042 ex
414 3988 441 4040 A
456 3989 597 4054 enotaret;
616 4002 701 4053 quare
720 3985 748 4039 in
768 3986 811 4040 ed.
831 3986 880 4040 alt.
899 3989 1014 4041 auctore
1035 3985 1216 4040 Fleckeiseno
1235 4003 1312 4040 ocea-

165 4077 232 4145 11111
250 4076 329 4131 dedit
347 4078 457 4130 servato
476 4074 616 4145 duorum]

257 4165 299 4234 ⁸')
319 4164 373 4230 Qui
392 4180 476 4234 quem
490 4164 621 4220 Beroaldi
641 4164 766 4219 codicem
784 4164 945 4221 Plautinum
965 4183 1028 4220 cum
1048 4164 1116 4220 alibi
1134 4166 1194 4217 tum
1213 4164 1241 4218 in
1260 4164 1314 4218 hac

169 4255 362 4328 disputatione
390 4272 417 4323 p.
436 4259 487 4308 431
518 4256 731 4322 commemorat,
760 4252 926 4308 deterrimus
954 4257 998 4327 est
1022 4253 1160 4321 eiusdem,
1189 4252 1267 4307 cuins
1287 4252 1317 4305 F

168 4348 271 4413 noster,
289 4343 408 4415 generis.
