2962 5032
109 234 152 296 62
429 253 512 298 sarr
536 251 687 298 wasnau
710 251 774 299 sus
797 249 938 298 noceam

109 390 166 442 iam
184 390 214 444 ni
232 391 316 446 fallor
334 408 422 446 annus
441 392 587 459 secundus,
606 409 669 445 cum
688 391 718 445 in
736 391 919 446 contubernio
937 406 1000 444 meo
1018 406 1129 444 mecum
1149 390 1250 460 degens

109 494 154 531 me
173 479 254 532 audis
273 479 431 548 diligenter,
450 481 581 534 observas
599 479 728 548 fideliter,
746 480 882 533 revereris
896 480 1031 546 amanter,
1049 479 1120 533 mihi
1134 478 1189 534 soli
1204 479 1253 533 das

109 582 222 635 operam
242 585 298 622 uon
317 568 460 622 assiduam
479 568 563 622 modo
582 568 631 622 sed
654 571 684 622 et
701 569 832 622 alacrem.
869 568 961 634 Quare
980 569 1031 621 tua
1049 568 1103 623 hac
1120 567 1253 639 pervigili

110 672 176 709 cura
195 656 344 725 studioque
358 674 413 712 nou
431 655 583 726 penitendo
601 656 631 708 iu
650 660 708 710 tam
723 657 867 710 imbecilla
880 656 1026 726 presertim
1040 656 1132 711 adhuc
1147 657 1255 711 etatula

109 747 203 799 tantos
226 745 284 800 iam
306 762 469 815 progressus
493 748 610 812 utraque
633 744 732 813 lingna
754 743 861 812 fecisti,
889 746 921 797 ut
943 743 1004 812 ipse
1022 762 1147 816 quoque,
1176 746 1255 800 cuins

109 834 195 888 ductu
213 837 242 888 et
260 834 392 904 auspiciis
410 835 481 889 haec
500 834 679 889 foelicissime
693 833 764 903 agis,
783 849 981 900 nonnunquam
996 835 1198 904 obstupescere
1214 852 1256 888 so·

109 923 183 976 leam
200 925 230 977 et
248 924 289 978 ita
307 940 414 978 mecum
434 924 538 978 tacitus
557 922 649 992 loqui:

306 1031 329 1085 Ο
349 1031 433 1085 decus
451 1029 558 1099 ingenii
577 1030 800 1098 celebrandaque
819 1030 933 1085 nomina
950 1031 1049 1100 patris,

359 1119 412 1184 Qui
431 1119 556 1173 sobolem
575 1121 685 1172 tantam
704 1118 885 1188 progenuisse
903 1121 1006 1188 potest,

23 1201 96 1260 raasv
304 1207 409 1262 Fausta
427 1207 486 1262 dies
504 1207 622 1261 nimium
641 1206 731 1262 nitido
751 1208 923 1262 numeranda
940 1208 1048 1278 lapillo,

358 1296 435 1361 Quae
455 1295 498 1350 illi
517 1296 643 1350 nascenti
661 1295 769 1349 lumina
786 1296 878 1365 prima
897 1296 981 1352 dedit

108 1421 237 1491 Corporis
256 1424 285 1475 et
302 1420 434 1475 fortunae
453 1420 535 1488 bona,
552 1420 653 1488 quibus
670 1423 699 1474 te
720 1423 820 1474 natura
833 1419 1019 1489 pulcherrime
1037 1436 1071 1475 ac
1088 1420 1254 1476 eminentis-

115 1510 183 1564 sime
203 1509 326 1577 ornarit,
349 1509 463 1564 tametsi
481 1510 517 1563 ab
535 1509 570 1562 iis
589 1508 734 1579 contingat
752 1508 874 1576 aliquem
892 1507 1032 1563 interdum
1049 1509 1256 1578 gloriosissime

107 1599 229 1666 laudari,
256 1598 323 1666 quia
345 1600 439 1652 tamen
462 1615 544 1652 nemo
567 1596 667 1651 iustius
694 1598 840 1665 seriusque
859 1597 989 1651 laudibus
1008 1598 1153 1652 extollitur
1172 1616 1260 1667 quam

107 1705 170 1741 curn
190 1687 305 1742 abonis
323 1686 410 1740 animi
428 1687 497 1752 (hoc
514 1688 559 1740 est
576 1685 613 1739 ab
640 1685 899 1740 honestissimarum
916 1702 1008 1739 rerum
1026 1686 1134 1756 studio,
1150 1687 1260 1758 ingenii

108 1773 261 1842 facilitate,
284 1792 391 1829 morum
410 1776 547 1830 suavitate
566 1775 731 1843 virtutisque
750 1780 780 1829 et
797 1775 946 1844 probitatis
964 1777 1193 1845 expectatissima
1209 1778 1255 1833 in·

108 1865 183 1932 dole)
202 1864 320 1919 alicuius
339 1865 545 1918 commendatio
563 1867 660 1917 manat
678 1867 708 1918 et
725 1863 917 1932 proficiscitur,
936 1864 1066 1920 hocloco
1088 1882 1260 1922 commemo·

108 1969 169 2006 rare
187 1970 243 2007 non
261 1953 338 2009 libet.
372 1954 444 2019 Quid
463 1954 553 2008 dicam
574 1954 608 2008 de
628 1953 779 2007 memoriae
799 1953 880 2007 huius
897 1957 964 2010 tuae
982 1971 1069 2024 prope
1089 1955 1260 2012 incredibili

109 2042 254 2096 bonitate?
291 2042 360 2096 Tam
380 2042 453 2096 enim
473 2043 555 2097 facile
574 2043 667 2109 discis,
685 2045 745 2096 tam
765 2043 900 2096 tenaciter
917 2043 1061 2112 contines,
1079 2047 1113 2098 ut
1131 2045 1259 2101 omnium

108 2134 218 2184 tuorum
237 2131 503 2200 condiscipulorum,
522 2148 591 2200 quos
609 2135 708 2186 nactus
727 2148 757 2185 es
775 2133 805 2185 et
822 2131 1011 2187 nobilissimos
1030 2134 1060 2186 et
1079 2132 1257 2189 studiosissi-

109 2237 178 2287 mos,
196 2220 321 2274 unanimi
340 2237 475 2274 consensu
493 2237 548 2274 non
566 2219 673 2273 discere
692 2218 741 2273 sed
759 2219 900 2274 reminisci
915 2221 1008 2290 potius
1023 2221 1151 2276 ridearis
1181 2222 1259 2286 Quo·

111 2309 185 2362 circa
202 2308 322 2362 multum
342 2309 408 2362 huic
426 2308 614 2378 prosperrimo
633 2307 868 2378 foelicissimoque
887 2308 1042 2363 studiorum
1060 2312 1175 2364 tuorum
1196 2328 1258 2366 suo-

109 2398 199 2452 cessui
218 2397 345 2466 gratulor
364 2397 481 2451 etmihi
499 2414 588 2467 aeque
607 2397 724 2467 gaudeo.
762 2396 804 2451 Ne
823 2397 935 2464 dubita,
958 2397 997 2451 mi
1015 2396 1172 2452 bellissime
1191 2399 1258 2454 Ale-

108 2487 225 2554 xander,
248 2504 303 2541 nou
326 2503 444 2556 parvum
468 2487 516 2541 sed
539 2486 644 2541 laboris
663 2503 696 2541 ac
716 2486 871 2540 honestatis
891 2486 927 2540 ad
945 2487 974 2539 te
1003 2486 1257 2542 cumulatissimum

109 2575 260 2644 aliquando
279 2578 477 2644 perventurum
496 2574 645 2642 honorem,
668 2575 744 2643 quod
762 2592 780 2628 a
798 2578 910 2628 tuorum
929 2575 1089 2645 complexu,
1108 2592 1126 2629 a
1144 2576 1254 2645 patriae

110 2663 223 2729 deliciis,
242 2680 260 2718 a
278 2664 417 2718 sodalium
436 2664 540 2718 lusibus
555 2666 584 2717 et
597 2663 733 2717 conviviis
748 2663 903 2731 ablegatus,
921 2680 976 2717 non
994 2663 1107 2731 quidem
1121 2667 1256 2720 mercium

109 2753 367 2807 commutandarum
391 2757 441 2807 aut
463 2752 584 2807 foenoris
607 2751 815 2820 multiplicandi
839 2753 935 2820 gracia
963 2752 1049 2820 (quod
1071 2754 1127 2806 iam
1150 2754 1256 2822 passim

110 2842 169 2896 fieri
187 2841 278 2909 solet),
304 2843 352 2896 sed
371 2845 403 2896 ut
421 2841 583 2910 politiorum
602 2840 758 2894 studiorum
777 2840 978 2894 laudatissimis
999 2845 1034 2895 et
1051 2841 1257 2910 probatissimis

111 2928 247 2983 institutis
266 2933 380 2983 omalus
399 2932 428 2982 et
446 2932 543 2982 auctus
562 2928 696 2982 viaticum
715 2929 767 2982 tibi
787 2928 823 2982 ad
842 2931 1014 2983 senectutem
1033 2948 1178 3000 compares
1198 2948 1254 2986 uon

110 3018 195 3085 ferro,
224 3034 278 3071 uon
306 3016 437 3084 flammis,
465 3033 521 3069 non
540 3016 658 3085 denique
685 3018 900 3086 tempestatibus
927 3018 991 3071 ullis
1016 3019 1179 3086 obnoxium,
1206 3019 1256 3074 sed

111 3105 295 3173 liberrimum,
320 3106 491 3158 tutissimum
515 3108 599 3172 atque
619 3108 785 3174 perpetuum
810 3109 839 3159 et
861 3107 890 3159 iu
914 3106 989 3174 quod
1012 3107 1124 3161 fortuna
1142 3123 1253 3176 quoque

110 3195 185 3264 ipsa,
212 3195 335 3248 omnium
359 3195 476 3249 aliarum
500 3210 592 3247 rerum
617 3194 731 3248 domina
748 3211 782 3248 ac
800 3194 996 3263 dispensatrix,
1015 3196 1122 3249 nullum
1142 3197 1254 3251 omniuo
1288 3249 1290 3252 Α

112 3282 214 3336 habeat
231 3283 388 3352 imperium.
416 3283 478 3337 Nou
498 3282 572 3336 enim
593 3282 676 3336 facile
696 3284 757 3351 quis
777 3283 871 3352 eloqui
890 3287 992 3353 potest,
1012 3302 1096 3353 quam
1115 3285 1186 3339 haec
1205 3265 1255 3338 hir-

112 3388 255 3425 manarum
270 3371 426 3426 litterarum
450 3373 479 3424 ct
502 3371 679 3445 eloquentiae
703 3373 882 3426 ornatissima
906 3373 1127 3441 suavissimaque
1151 3373 1254 3441 studia,

112 3460 135 3515 si
157 3461 329 3530 pleniuscule
353 3463 428 3515 etate
451 3461 519 3528 ista,
547 3478 631 3529 quam
655 3465 687 3515 tu
710 3461 793 3515 modo
811 3460 896 3527 vivis,
925 3464 1058 3530 percepta
1076 3465 1106 3516 et
1124 3461 1255 3518 imbibita

111 3549 228 3618 fuerint,
252 3553 389 3618 quantum
412 3548 557 3603 conferant
580 3549 617 3603 ad
640 3566 752 3604 omnem
775 3549 952 3618 disciplinam
977 3555 1006 3604 et
1028 3550 1160 3620 precipue
1186 3551 1254 3606 iuris

112 3637 256 3693 scientiam
276 3637 500 3708 percipiendam,
520 3641 655 3707 quantum
675 3641 835 3708 perceptam
854 3638 983 3693 excolant
1001 3640 1146 3708 magisque
1165 3657 1253 3709 popu·

112 3727 198 3782 larem
222 3727 348 3781 reddant.
387 3727 562 3795 Quamquam
581 3728 652 3795 iam,
671 3727 695 3780 si
715 3727 768 3780 diis
786 3728 892 3796 placet,
912 3728 940 3782 in
965 3728 1093 3783 omnibus
1111 3729 1169 3782 fere
1191 3729 1255 3783 aliis

111 3832 161 3884 per
178 3817 289 3871 diversa
307 3816 472 3870 Germaniae
495 3816 559 3871 loca
582 3815 702 3885 publicis
726 3816 879 3885 gymnasiis
899 3817 1013 3884 quidam
1033 3817 1208 3871 iactanticuli
1227 3819 1256 3872 et

112 3903 205 3957 stolidi
225 3921 318 3958 osores
337 3904 432 3958 nescio
452 3922 508 3972 qua
521 3921 609 3959 vanae
625 3904 759 3958 scientiae
773 3905 951 3973 persuasione
966 3905 1062 3960 confisi
1077 3904 1255 3959 maiestatem

111 3991 191 4045 latini
215 3993 320 4060 eloquii
344 4011 376 4046 ac
400 4010 493 4047 sacros
511 3991 651 4047 Musarum
675 3993 767 4047 fontes
790 3995 911 4063 turpiter
930 3995 1034 4050 audent
1053 3993 1255 4063 reprehendero

112 4081 142 4133 et
158 4097 251 4134 morsu
270 4082 370 4136 canino
388 4082 525 4148 lacerare3
549 4082 595 4135 hei
615 4100 698 4149 quam
717 4085 821 4136 temere
847 4085 893 4150 (ne
917 4083 1008 4138 dicam
1027 4082 1124 4150 stulte)
1142 4083 1193 4136 hos
1212 4099 1254 4136 so·

112 4168 169 4222 lum
194 4186 290 4239 sapere
313 4170 519 4238 existimantes,
546 4169 595 4238 qui
617 4171 786 4240 portentosis
808 4169 974 4239 quibusdam
998 4176 1027 4226 et
1046 4188 1060 4225 e
1080 4170 1174 4225 media
1192 4171 1254 4224 bar-

112 4258 189 4312 barie
209 4259 390 4313 emendicatis
411 4259 553 4313 vocabulis
571 4259 613 4313 ita
630 4275 689 4312 rem
708 4258 797 4328 ipsam
818 4259 852 4313 de
867 4276 923 4328 qua
936 4260 1090 4329 loquuntur
1103 4258 1254 4313 involucris

112 4348 142 4402 et
160 4347 308 4416 enigmatis
327 4347 517 4416 distorquent,
540 4347 645 4402 utiam
666 4350 715 4401 aut
734 4347 858 4417 Sphinge
879 4351 927 4403 aut
946 4349 1089 4419 Oedipode
1108 4348 1152 4402 vel
1172 4347 1255 4403 Delio
