2926 5040
251 269 317 333 464
539 287 800 335 11011001111
824 288 873 335 us
897 287 1107 337 1111011111

253 453 306 495 111
331 430 520 516 ambiguum
544 437 595 496 est
617 431 685 496 Mil.
708 431 750 516 ll,
773 433 802 512 2,
829 433 870 496 14
892 433 934 497 ab
961 432 1057 498 initio
1085 455 1201 498 versus
1227 406 1408 517 Admedidr

253 543 327 602 ante
350 537 503 603 homiuem
526 539 747 603 choriambum
771 561 813 603 au
836 561 991 623 paeonem
1015 539 1145 605 efficiat
1194 539 1274 605 Vna
1297 544 1409 606 tamen

253 646 323 710 1011
354 647 480 710 ratione
511 647 620 711 nescio
653 668 695 710 an
728 645 797 709 sine
831 646 1033 712 incommodo
1066 647 1166 732 longa
1202 648 1411 730 paenultima

252 752 416 835 toleretur,
439 754 529 817 velut
552 752 655 817 Stichi
678 751 719 837 V,
741 753 773 836 4,
800 753 853 817 19:

210 890 218 907 ⁴
342 893 403 958 Sed
426 894 528 958 0111111
551 916 624 958 mea
647 897 680 958 et
702 898 759 958 tria
781 895 858 959 dum
881 896 981 959 comit

194 1068 203 1087 ·
253 1042 290 1101 ut
320 1038 375 1120 qui
405 1037 576 1102 verborum
609 1037 737 1102 ordines
767 1037 807 1101 ad
835 1037 1065 1121 paeonioorum
1097 1037 1411 1121 proceleusmatico·

253 1167 388 1229 rumque
426 1144 671 1209 similitudinem
713 1119 857 1229 (tibicere'
884 1165 990 1226 raeque,
1027 1143 1175 1226 Pro'pitiri
1207 1146 1310 1230 soret)
1343 1150 1409 1212 tarn

254 1273 354 1335 prope
384 1251 545 1335 accedant,
582 1254 619 1314 ut
652 1253 706 1315 vix
739 1251 911 1335 quicquam
943 1252 1113 1317 molestiae
1146 1274 1164 1314 e
1200 1251 1409 1319 delitescenti

253 1359 354 1442 longa
384 1357 510 1442 syllaba
540 1359 709 1422 sentiatur.
743 1394 780 1404 -
812 1356 966 1442 Superest
996 1363 1045 1442 ut,
1076 1358 1155 1442 quid
1188 1358 1314 1424 horum
1345 1382 1409 1426 om·
1451 1386 1453 1399 ·

253 1465 351 1546 nium,
376 1486 458 1547 quae
482 1464 521 1528 de
544 1465 717 1529 trochaicis
741 1466 962 1550 exposuimus,
986 1466 1117 1530 iambici
1142 1465 1303 1530 senarii
1327 1487 1408 1530 rece
1451 1462 1453 1481 '

253 1572 369 1655 perint,
393 1570 598 1636 definiamus:
627 1572 713 1657 quod
740 1594 806 1636 non
835 1572 899 1636 fuit
926 1572 1073 1637 multum.
1119 1571 1213 1648 Quos
1236 1571 1299 1635 ubi
1323 1572 1407 1637 solas
1451 1604 1453 1609 ·

255 1679 437 1743 trochaicas
462 1701 554 1743 voces
578 1679 688 1744 dixero
713 1680 746 1743 in
770 1680 840 1744 solo
864 1679 968 1763 primo
988 1679 1069 1764 pede
1089 1679 1279 1762 admisisse,
1303 1677 1409 1743 dixero

254 1808 354 1871 prope
378 1787 499 1849 omnia:
531 1808 569 1849 ac
597 1807 638 1848 ne
664 1785 750 1849 binis
775 1785 904 1868 quidem
929 1789 1004 1869 post
1026 1784 1099 1849 illas
1124 1785 1289 1851 brevibus
1314 1787 1409 1871 sylla·

254 1893 305 1957 bis
330 1916 411 1977 opus
434 1891 505 1973 fuit,
528 1891 584 1954 sed
608 1891 687 1956 satis
711 1883 781 1954 ess'e
805 1913 869 1954 una
892 1890 962 1953 visa
986 1894 1045 1955 est.
1081 1888 1186 1955 Velut
1211 1890 1312 1976 Caph
1335 1893 1360 1978 Ι,
1382 1894 1410 1977 2,

259 1999 307 2063 19.
331 1997 447 2062 Bacch.
472 1998 536 2063 ’169
561 1998 664 2081 [808]
688 1997 776 2061 Trin.
793 1998 880 2062 '5682

345 2142 445 2207 Nulla
468 2141 647 2205 iuuentutis
671 2142 745 2224 spes
769 2144 832 2204 est:
856 2161 926 2205 sese
951 2142 1062 2205 omnes
1086 2147 1219 2207 amant:

345 2249 462 2313 Nrdlu's
484 2248 580 2313 homo
604 2247 691 2329 dicit,
712 2247 774 2311 hae‘
796 2246 935 2312 tabellae
958 2252 990 2312 te
1014 2250 1171 2334 arguunt:

345 2354 377 2420 si
402 2357 477 2418 1111τῖ
496 2355 663 2438 uoluisses,
687 2357 786 2419 esses:
810 2357 989 2420 11101116
1013 2355 1115 2440 cupis,

177 2508 180 2514 ’
256 2499 313 2562 ubi
336 2520 400 2563 non
424 2500 493 2560 erat
517 2497 758 2562 sollicitandum
782 2496 897 2582 asaf)
930 2496 960 2562 A
980 2498 1131 2581 qualibus
1151 2500 1329 2583 profectus
1347 2523 1411 2566 nou

257 2609 326 2670 erat
350 2628 406 2670 cur
430 2604 549 2669 similia
573 2605 668 2668 initia
691 2628 718 2669 v.
743 2605 816 2669 218.
840 2604 904 2670 598
929 2604 1131 2688 defugerem:

352 2748 439 2812 Vade?
464 2747 517 2828 [cf.
545 2770 644 2832 supra
671 2771 701 2832 p.
729 2748 808 2827 377]
840 2747 917 2830 quid
946 2747 1092 2811 auditum
1121 2747 1255 2832 dicant,
1288 2752 1352 2817 nisi
1379 2751 1409 2816 id

1054 2855 1224 2938 appareat

345 2962 415 3025 111
436 2962 498 3025 iste
522 2960 653 3047 hinc**)
677 2962 786 3044 aliquo
811 2963 843 3025 in
868 2962 1052 3025 maxumam
1076 2963 1201 3027 malam
1226 2987 1371 3032 crucem.

129 3136 243 3179 cmm
259 3104 326 3168 Nec
350 3106 518 3170 offensioni
543 3108 613 3168 erat
636 3128 663 3167 v.
687 3105 766 3168 432:

348 3248 479 3329 Tempsis
503 3246 681 3312 adeundist.
714 3247 815 3311 Estne
839 3248 891 3311 hic
914 3247 1023 3311 Philto
1048 3248 1104 3331 qui
1128 3248 1297 3315 aduenit?

256 3392 318 3456 uisi
343 3393 388 3456 ibi
414 3391 502 3456 aliud
526 3391 684 3455 suasisset
708 3390 915 3454 Ambrosiaui
939 3390 1125 3454 auotoritas
1166 3390 1232 3456 Sed
1255 3416 1323 3460 non
1343 3402 1411 3459 tau·

256 3504 325 3564 tum
350 3501 494 3565 insuavis
518 3504 589 3563 erat
612 3521 639 3561 v.
663 3498 729 3561 440
753 3498 925 3562 insolentis
950 3502 1100 3563 accentus
1124 3497 1280 3565 iteratio:

346 3644 416 3725 Epo'
438 3664 566 3726 quoque
589 3642 654 3705 esse
675 3642 747 3705 uolo
771 3639 866 3724 liber,
889 3639 1085 3724 nequiquam
1111 3640 1201 3725 uolo,
1315 3688 1321 3699 .

258 3807 367 3850 verum
384 3786 479 3848 simul
500 3789 532 3849 et
551 3784 584 3846 in
604 3785 743 3847 secundo
763 3782 843 3867 pede
862 3784 1125 3867 esse'suspectum
1147 3789 1191 3867 et,
1210 3792 1252 3850 ut
1272 3810 1303 3872 p.
1324 3806 1412 3853 cm

259 3893 351 3975 [413]
367 3893 470 3975 docui,
493 3892 598 3975 ipsum
617 3892 671 3973 epo'
688 3890 866 3955 abhorrens
887 3888 1162 3954 acousuetudiue.
1204 3891 1411 3980 Quamquam

258 3999 447 4065 desecando
464 3999 593 4083 quidem
608 3998 687 4082 pede
702 4020 767 4061 nou
784 4003 833 4062 est
843 3996 1040 4062 obstinatius
1050 3998 1257 4082 negandum:
1274 4003 1411 4087 perraris

347 4247 372 4315 *)
392 4248 445 4318 [cf.
465 4248 566 4317 Opuse.
586 4244 655 4315 phil.
676 4245 699 4297 ll
720 4262 746 4313 p.
767 4244 1086 4315 14610101121011]

329 4336 369 4405 *Ἴ
390 4336 463 4407 [Ibit
488 4337 581 4390 statim
606 4334 633 4387 in
660 4334 702 4388 ed.
729 4334 778 4388 alt.
805 4351 868 4387 cum
893 4332 985 4388 Brixio
1013 4332 1083 4387 ‘nisi
1109 4335 1181 4403 quid
1207 4340 1309 4394 tamen
1334 4336 1405 4393 aliud

257 4426 385 4496 subest’]

1449 4532 1453 4569 1

1447 4580 1453 4639 l
